2736 4920
243 486 282 552 14
490 475 665 546 NOTAE
687 474 749 541 ‘lN
766 461 1020 544 UHECUBAM'

235 643 331 702 Thuc.
352 639 438 710 VIII,
458 634 515 740 6)
525 639 573 695 vel
597 631 742 718 πατρῷος
763 637 814 714 qui
835 635 947 706 dixerit,
963 633 1088 712 reperire
1107 653 1166 691 non
1181 635 1284 712 potui:

238 742 266 785 et
287 718 415 803 πάτριοι
441 716 581 803 doliorum
609 727 673 781 Ion.
702 725 775 784 480.
805 734 943 779 nontam
967 738 1026 777 esse
1054 720 1189 778 videntur
1210 719 1283 777 tha-

236 813 336 870 lami
328 832 357 867 ιιι
380 813 466 868 ιλοιιιο
488 823 615 890 paterna,
637 829 727 956 quarn
746 808 777 864 in
799 807 861 866 solo
882 807 984 886 patrio.
1019 806 1089 867 Vid.
1112 807 1217 863 Graev.
1242 801 1305 862 ad'

227 899 358 956 'Luciam'
380 896 491 956 Soloec.
514 898 549 958 Τ.
572 899 611 955 Π.
602 895 727 976 ..73p
732 891 830 976 (7.Τ.
851 895 905 956 IX.
927 909 958 972 p.
980 892 1054 972 459.
1077 891 1142 979 ed.¹
1137 887 1225 971 Bip.)

302 1030 339 1088 V
371 1049 419 1108 79·
449 1001 537 1094 εοταν
563 1039 611 1091 τι
626 1001 894 1109 νιον.5711ιλιοιιι
933 1029 1086 1108 ancipitem
1118 1027 1156 1084 ob
1189 1025 1283 1084 linem

238 1116 396 1176 sententiae
430 1115 476 1174 hic
506 1115 618 1173 admitti
648 1115 757 1182 iudicat
789 1118 889 1174 Herm.
917 1115 999 1176 elem.
1027 1116 1117 1174 doctr.
1138 1124 1223 1170 metr.
1247 1134 1281 1190 p.

237 1207 310 1283 575.
353 1204 445 1260 Antea
474 1202 601 1260 ediderat
631 1218 674 1278 aq.
706 1222 737 1266 v.
763 1194 851 1288 gistri
876 1224 969 1282 τιμ.
1014 1202 1060 1262 ct
1089 1199 1209 1261 Seidler.
1240 1199 1281 1254 de

235 1309 311 1348 vers.
331 1287 446 1348 declam
467 1310 498 1368 p.
522 1290 572 1349 80.
596 1300 656 1349 not.
1029 1338 1033 1349 ,

298 1409 336 1468 Τ.
361 1411 412 1467 80
433 1402 533 1484 με’λος.
555 1405 631 1463 Flor.
657 1409 710 1468 25·
732 1401 853 1484 μέλλον.

299 1521 347 1584 Τ.
359 1529 409 1584 81
433 1513 497 1584 ολδ.
520 1521 599 1583 Flor.
620 1526 671 1584 25·
693 1510 807 1596 ολςδ

299 1642 336 1699 Τ.
361 1643 411 1709 65.
433 1629 553 1721 ψυχάν.
574 1637 651 1699 Flor.
676 1659 725 1720 17.
750 1603 799 1702 54.
831 1641 943 1716 Mosqu.
965 1639 1000 1696 A.
1010 1627 1145 1720 ψυχήν.

298 1756 338 1815 Τ.
361 1760 411 1817 84.
434 1747 652 1836 Κασάνδρας.
667 1755 715 1813 Sic
735 1755 808 1818 ..Ald
830 1755 894 1816 rell.
919 1756 996 1815 Flor.
1018 1757 1056 1815 A.
1078 1754 1154 1812 Flor.
1172 1769 1274 1810 ornnes

234 1857 377 1942 praetera
361 1837 427 1903 ull.
448 1844 505 1900 Gu.
517 1845 610 1899 Havn.
630 1842 705 1917 Aug.
719 1863 745 1904 c.
763 1844 876 1920 Mosqu.
892 1844 965 1902 A.B.
977 1846 1010 1906 C.
1018 1845 1055 1900 D.
1062 1839 1163 1898 Schol.
1180 1838 1274 1900 Florr.

233 1921 427 2009 Κασάνδραν
450 1930 636 1987 Cant.N.et
659 1949 792 2006 prover.
815 1929 835 1986 l.
858 1949 890 1992 ι.
912 1927 1075 1990 Flor.2.1¹³
1098 1923 1195 1984 Schol.
1208 1927 1274 1981 Ars.

234 2017 314 2094 qnod
345 2015 480 2094 praetulit
507 2013 592 2088 King.
622 2027 649 2071 et
677 2017 793 2072 Porson.
836 2019 908 2074 Nam
929 2013 1099 2088 „Helenum
1125 2023 1273 2068 mortuum

233 2101 369 2176 fingere'
362 2122 392 2156 ιιι
413 2099 467 2156 hac
488 2098 587 2156 tabula
607 2097 721 2156 videtur
736 2099 918 2177 Euripidesf‘
935 2101 1080 2175 inquitP.
1102 2097 1180 2175 quod
1194 2097 1274 2153 unde

159 2214 161 2222 ι
236 2185 396 2258 collegerit,
427 2181 532 2241 nescio.
576 2184 664 2240 Recte
696 2186 812 2242 Barnes.
840 2198 872 2242 ut
902 2185 1096 2260 Sch01,Ftor.
1118 2189 1167 2283 59.
1189 2181 1272 2262 peri-

231 2269 351 2350 phrasin
374 2289 437 2326 esse
465 2267 535 2324 dicit
564 2288 616 2346 pro
632 2261 774 2331 ’.Ελινον
816 2269 934 2348 Alioqui
961 2267 1192 2354 ψυχομαντεῖον
1214 2265 1271 2323 ali-

232 2356 312 2434 quod
334 2353 485 2432 anquirere
506 2352 652 2411 videretur
673 2357 801 2418 Hecuba.

252 2483 327 2564 ἥ.
348 2489 424 2549 Flor.
451 2507 482 2549 ι.
516 2505 565 2550 lo.
591 2484 657 2550 21¹².
670 2491 721 2552 33
742 2491 834 2550 llavn.
862 2489 936 2566 Aug.
958 2492 992 2548 C.
1015 2491 1126 2567 Mosqu.
1149 2491 1186 2552 D.
1207 2487 1269 2550 Vir.

229 2575 293 2639 nul.
323 2575 402 2652 quod
432 2587 527 2634 ortum
558 2573 674 2632 videtur
693 2577 737 2634 ab
760 2599 802 2649 eo,
824 2598 875 2673 qur
868 2575 949 2632 dici
971 2598 1029 2636 non
1051 2597 1134 2656 posse
1154 2586 1283 2654 putaret,

230 2684 274 2732 ως
288 2653 418 2730 Ελινος
437 2683 459 2734 η
448 2653 655 2744 Κασάνδρα
676 2663 823 2745 κρίνωσιν
844 2651 993 2744 ὀνείρους.
1015 2665 1131 2723 Porsen.
1140 2663 1267 2733 ,Recte

229 2749 343 2824 inquit,
364 2747 486 2803 infertur
508 2747 627 2804 verbum
653 2747 779 2824 plurale,
809 2749 868 2807 sive
892 2750 950 2807 duo
977 2749 1129 2824 singularia
1149 2746 1268 2805 nomina

229 2833 459 2906 coniunguntur,
492 2831 551 2888 slve
586 2827 805 2908 disiungunlur3
840 2837 918 2912 qnod
957 2847 1119 2912 tanquam
1116 2834 1265 2894 dictatum

228 2918 346 2993 aliquod
374 2915 476 2988 recinit
504 2917 602 2974 lilonlr.
630 2918 667 2974 ad
695 2921 765 2979 Eur.
793 2918 856 2979 Alc.
886 2923 958 3002 367.
1003 2921 1058 2978 Sed
1083 2919 1266 2988 salsissimum

227 3016 284 3074 est,
301 2979 413 3082 plurale
442 3001 564 3060 terbum
593 3003 674 3080 sequi
695 3026 794 3084 posse,
818 3006 868 3065 ubi
893 3008 952 3066 duo
974 3007 1089 3064 nomina
1112 3000 1266 3082 singularia

227 3111 294 3147 vere
322 3088 541 3163 disiunguntur,
576 3090 725 3165 quamvis
740 3092 818 3150 ldenr
856 3094 977 3152 doceant
1003 3093 1146 3151 Schaefer.
1170 3091 1265 3151 melet.

155 3255 160 3262 Ι
226 3176 288 3233 crit.
311 3196 340 3252 p.
367 3175 419 3232 24
447 3173 557 3232 Iacobs.
584 3175 621 3232 ad
648 3177 763 3235 Athens
778 3195 808 3258 p.
832 3201 860 3260 7.
883 3194 910 3238 et
931 3179 1126 3258 ineptissimus
1147 3178 1192 3249 sit,
1214 3179 1265 3252 qui

183 3287 184 3294 ι
226 3261 321 3320 dicere
342 3257 426 3329 velit,
450 3256 585 3321 honesta
610 3282 708 3332 mora,
740 3277 798 3322 aut
819 3267 1008 3342 turpissima
1029 3267 1166 3324 servitus
1188 3261 1267 3334 aub-

227 3345 350 3406 enndae
383 3357 467 3404 runt.
523 3347 580 3404 Sed
616 3369 821 3428 saepenumero
859 3355 918 3412 duo
949 3353 1066 3411 nomina
1108 3350 1264 3426 singularia

222 3423 418 3514 particula’'
395 3455 415 3504 η
443 3432 482 3490 ita
510 3432 735 3511 coniunguntur,
776 3452 810 3503 ut
836 3438 1010 3515 significetur
1044 3459 1102 3498 non
1134 3437 1264 3496 alterutri

224 3517 364 3578 actionem
387 3516 492 3588 tribui,
523 3519 573 3576 sed
595 3534 748 3598 utrumque
770 3524 862 3582 facete
882 3524 993 3602 aliquid
1015 3543 1113 3605 posse,
1134 3523 1218 3581 uth.
1241 3523 1262 3581 l.

222 3621 283 3664 non
304 3604 359 3662 hoc
387 3602 457 3660 dicit
478 3559 611 3676 llccuha,
640 3621 690 3666 aut
717 3609 876 3680 Helenum,
899 3611 1000 3672 omissa
1023 3611 1182 3680 Casandra,
1212 3624 1263 3668 aut

224 3692 408 3776 Casandram,
427 3701 523 3766 spreto
545 3690 615 3748 Hel
601 3713 673 3765 e,na
703 3695 813 3760 somnia
835 3696 1084 3776 interpretaturum
1106 3717 1181 3765 essa,
1210 3699 1263 3756 sed

222 3755 296 3834 velle
317 3798 347 3835 se
368 3795 428 3832 srve
450 3775 516 3846 uni,
543 3775 603 3835 site
631 3736 729 3851 alleri,
755 3781 816 3840 eive
844 3783 960 3861 utrique
988 3783 1042 3841 hoc
1070 3781 1263 3843 committere.

222 3861 312 3922 etsie
340 3855 505 3938 accipienda
524 3876 591 3922 sunt
612 3863 724 3938 loca,
718 3886 792 3942 qnae
812 3867 901 3946 vulga
922 3869 1063 3943 citantur,
1091 3869 1261 3946 Longino.

224 3951 273 4010 14.
297 3949 356 4008 Cic.
381 3948 431 4006 Or
453 3949 614 4019 11‚4,16.

283 4070 379 4154 ἕςλιλοι.
402 4081 478 4139 Flor.
501 4101 549 4160 17.
573 4085 623 4143 54.
646 4081 756 4156 ε’ἰςλὸω.
809 4076 812 4086 ’
