2736 4920
406 447 563 517 INDEX
582 445 878 518 EDITIONUM.
1096 453 1167 514 XXI

130 622 134 630 ·
179 603 361 673 'Tragoedias
378 603 451 673 ipsae
468 605 553 656 tribus
572 603 743 656 continentur
759 605 894 672 prioribus
912 604 1090 660 voluminibus
1096 640 1106 667 ,
1136 605 1171 657 ed

129 723 133 728 ·
195 694 291 746 calcem
310 696 435 764 culosque
458 694 603 748 voluminis
625 694 897 760 animadversionibus
920 697 1030 750 adiectis
1045 697 1171 762 Mosgra·

195 785 240 849 vii,
257 785 286 835 in
297 787 378 838 tertio
391 785 498 856 quidem
518 782 610 836 addito
627 785 811 851 supplemento
829 796 948 838 notorum
961 787 988 840 in
1005 804 1097 840 omnes
1114 796 1171 836 tra-

194 873 302 942 goedias
320 893 335 926 e
352 893 378 943 p.
392 875 451 944 507.
469 884 497 928 et
513 873 668 939 fragmentis
684 873 848 940 perditarum
864 877 1070 941 tragoediarum:
1088 891 1169 944 quor-

129 989 134 1002 ·
191 973 221 1014 to
246 965 482 1033 comprehenditur
498 963 596 1016 Latine
617 962 706 1016 versio
731 965 864 1034 vulgaris,
894 967 927 1018 eb
950 965 1054 1018 editore
1079 963 1170 1016 multis

193 1053 259 1105 locis
276 1057 410 1123 castigata,
439 1066 466 1107 et
484 1053 592 1110 Scholia
609 1054 715 1122 antiqua
733 1064 760 1107 et
776 1055 840 1106 olim
858 1055 929 1107 edito
952 1063 980 1107 et
996 1070 1011 1107 e
1025 1053 1123 1121 Kiugio
1140 1069 1172 1106 so

130 1181 132 1184 .
193 1138 323 1198 valens.
340 1146 480 1214 suppleta..
507 1145 655 1198 coarctans
672 1163 734 1198 usu·
749 1154 791 1198 ea
807 1144 873 1198 aa.
896 1144 971 1198 coo.
987 1143 1023 1196 a.
1040 1142 1126 1196 reris.
1147 1158 1171 1196 t.
1280 1207 1283 1214 ⁴

193 1251 220 1288 α.
235 1237 261 1290 4.
278 1238 303 1289 5.
321 1236 347 1290 8.
366 1251 408 1287 to.
426 1234 474 1288 sed
492 1251 550 1300 eos,
563 1246 594 1288 ut
610 1235 740 1288 editiones
757 1235 885 1304 antiquas,
899 1235 980 1304 paulo
992 1231 1173 1301 ,negligentius

195 1327 318 1379 eontulit.
356 1324 607 1380 Animadversiones
634 1343 684 1390 nee
709 1323 808 1378 multae
825 1334 883 1378 'neu
905 1327 1018 1392 lougnet
1051 1322 1080 1376 ia
1103 1337 1173 1376 eoo-0
1238 1353 1244 1376 r

194 1415 300 1466 iecturie
317 1414 484 1466 effundendis
497 1416 604 1482 ingenio
623 1424 649 1467 et
666 1415 788 1468 doctrine
805 1415 930 1468 abutitur.

22 1581 23 1584 Ἴ
124 1503 232 1559 Eodem
254 1522 324 1557 enno
348 1505 506 1574 prodierunt
521 1503 618 1576 Eurip.
638 1513 711 1576 trag.
735 1521 769 1557 ee
793 1507 835 1558 ed.
854 1509 911 1560 Ias.
928 1501 1055 1556 Baraerii
1075 1515 1172 1554 recuso

194 1606 221 1648 et
241 1605 325 1648 aucte
342 1596 491 1664 appendice
514 1593 732 1648 obseruationum
756 1613 770 1648 e
792 1597 880 1648 uariis
899 1597 1038 1650 doctorum
1052 1591 1173 1644 uirorum

195 1684 275 1738 libris
291 1684 414 1737 collecta.
448 1683 525 1754 Lips.
542 1693 634 1749 sumtu
651 1685 779 1739 Suilerti.
814 1687 863 1742 111.
880 1685 956 1740 volt.
980 1685 1008 1738 l·

228 1775 309 1828 Τοω.
325 1775 375 1829 111.
391 1776 511 1826 eontinet
527 1777 602 1826 Sam.
620 1775 775 1844 Margravii
793 1786 873 1828 natae
889 1778 1013 1845 integras
1029 1767 1060 1823 in
1073 1769 1172 1840 Eurip.

197 1865 266 1919 Aac.
279 1873 390 1932 praeter
407 1863 531 1913 lectionis
549 1859 711 1912 uarietatem
728 1860 833 1914 scholia
849 1864 991 1928 auctiora,
1007 1869 1174 1916 commenta-

197 1953 288 2005 tiones
311 1961 339 2004 et
357 1951 608 2004 animadversiones
625 1951 745 2002 uirorum
762 1952 901 2003 doctorum
917 1960 1058 2020 excerptae
1082 1959 1108 2001 et
1128 1950 1175 2002 ἰη-

196 2044 250 2096 dex
274 2026 415 2094 verborum
438 2043 571 2112 copiosus.
609 2043 722 2095 Curauit
744 2041 832 2094 Chrst.
850 2043 927 2095 Dan.
944 2039 1068 2094 Beclius.
1102 2039 1174 2110 Lips.

188 2135 275 2202 oyes.
400 2197 402 2202 Ι
542 2176 547 2184 .

124 2241 205 2296 1779.
223 2221 364 2294 Sophoclis
379 2219 494 2275 Electra
515 2230 543 2274 et
558 2222 702 2294 Euripidis
717 2221 910 2277 Andromache
934 2241 968 2276 ee
989 2219 1101 2294 optimis
1123 2237 1175 2272 ee-

197 2312 363 2384 emplaribus
381 2311 548 2364 emendatae.
582 2313 775 2384 Argentorati.
802 2314 849 2366 8.·

227 2404 322 2456 Edidit
345 2411 373 2456 et
393 2411 468 2456 notes
485 2405 514 2456 in
530 2401 735 2456 Andromachen
758 2401 1009 2472 addidicerant„
1041 2401 1175 2474 praefatae

196 2503 238 2547 est
255 2493 295 2545 lo.
313 2492 556 2558 Schweighaeuser.

125 2583 201 2638 Eod.
217 2601 241 2634 a.
264 2579 407 2650 Sophoclis
429 2582 548 2650 Oedipus
574 2591 629 2652 tyr.
654 2591 682 2633 et
705 2581 848 2650 Euripidis
875 2582 984 2634 Orestes
1011 2596 1043 2630 ex
1067 2574 1178 2646 optimis

197 2671 401 2740 exemplaribus
417 2671 564 2724 emendati.
597 2668 790 2742 Argentoratt'.
816 2669 841 2722 8.

130 2763 202 2816 an.
219 2783 242 2817 a.
266 2760 401 2830 Aeschyli
419 2761 577 2832 tragoediae
594 2745 787 2824 Prometheus,
816 2764 934 2826 Persae,
959 2767 986 2812 et
1010 2759 1118 2828 Septem
1141 2752 1180 2808 ud

203 2849 323 2916 Thebas,
341 2850 482 2922 Sophoclis
498 2851 646 2923 Antigone,
664 2851 808 2922 Euripidis
824 2850 932 2916 Medea,
949 2866 983 2903 eu
1000 2845 1110 2917 optimis
1127 2862 1178 2896 ee-

201 2939 368 3012 emplurihus
385 2943 552 2994 emendatae.
586 2941 777 3013 Argentorati.
803 2941 829 2994 8.

126 3031 204 3087 an.
221 3049 245 3084 a.
267 3028 438 3102 Ilercahoyiu
461 3050 484 3084 s.
502 3035 706 3105 tragoediarum
721 3049 884 3102 graecarum
900 3028 1020 3083 delectus
1044 3044 1106 3078 eum
1123 3025 1181 3076 ad-

203 3122 346 3174 notatione
362 3125 404 3176 Io.
421 3127 540 3178 Ilurton.¹
572 3124 625 3176 Ed.
643 3122 748 3189 altera,
769 3123 814 3175 cui
829 3119 1030 3174 obseruationes
1048 3117 1181 3170 indicem-

203 3229 254 3285 que
272 3229 402 3285 graecum
419 3211 500 3284 longe
517 3215 665 3267 auctiorem
689 3223 716 3266 et
736 3211 945 3266 emendatiorem
963 3207 1065 3262 adiecit
1085 3207 1180 3264 Thom-

204 3305 330 3374 Burgess.
365 3303 473 3356 tironii.
507 3305 542 3358 ΙΙ.
558 3305 632 3360 volt.
660 3305 686 3356 8.

238 3392 331 3446 Insunt
346 3375 485 3460 Sophoclis
503 3395 573 3448 oea.
586 3405 639 3465 tyr.
657 3387 1071 3460 oet.001.Antigone,E1uip.
1088 3386 1182 3442 onos.

206 3481 304 3548 nissee‚
335 3481 460 3554 Aeschyli
478 3486 585 3552 Septem
602 3493 694 3536 eontra
711 3483 765 3536 Th·
964 3525 969 3537 .

143 3553 216 3640 ἡδο.
232 3571 375 3641 Euripidis
392 3573 553 3643 tragoediae
570 3581 696 3644 quatuor,
713 3570 839 3637 Hecuba,
861 3568 1046 3630 Phoenissae,
1069 3563 1183 3634 Hippo-⁴

211 3660 280 3730 lutus
303 3669 331 3712 et
353 3663 481 3715 Bacchae
507 3681 541 3716 ex
565 3664 675 3734 optimis
697 3658 897 3734 exemplaribus
919 3655 1093 3711 emendatae·
1121 3650 1184 3706 Ar·

211 3751 356 3820 genturati.
382 3753 408 3807 ll.

147 3853 220 3908 1792.
234 3844 300 3894 Eur.
318 3843 492 3914 tragoediae,
525 3846 624 3898 drama
640 3853 727 3912 satyr.
744 3851 772 3894 et
782 3839 893 3912 fragm.
909 3855 952 3908 gr.
970 3835 1009 3888 ad
1028 3839 1083 3904 opt.
1101 3830 1186 3884 libros

210 3949 259 3984 ree.
279 3933 341 3986 Chr.
359 3933 432 3988 oen
447 3932 572 3988 Beckiur.
605 3936 673 3989 Ace.
696 3931 837 3986 animadu-
858 3936 1008 3998 perpetuae
1031 3931 1058 3976 et
1073 3921 1185 3994 glossa·

210 4024 289 4079 rium.
324 4023 400 4078 Tel.
429 4027 498 4080 Heu.
515 4027 561 4079 Or.
578 4025 634 4082 Ph.
652 4023 726 4080 Med.
760 4014 1124 4090 &pronuntiatura
