2738 4918
318 1411 596 1509 NOTAE
640 1414 723 1502 IN
778 1410 1182 1504 ORESTEM.

229 1948 387 2054 Ancum.
434 1991 459 2052 Ῑ.
491 1981 786 2072 μεταπορευόμενος.
855 1987 903 2046 Sic
935 2008 950 2046 e
990 1987 1077 2044 Paris
1108 1985 1143 2046 A.
1176 1989 1268 2049 edidit

228 2090 352 2148 Brunck.
376 2096 404 2142 et
424 2085 465 2140 sic
485 2083 563 2139 Flor.
586 2083 622 2138 A.
644 2081 781 2145 Ποπίι.
809 2099 855 2158 17.
878 2085 929 2144 25
952 2081 1009 2137 Gu.
1031 2100 1084 2157 pro
1106 2075 1267 2156 ε’κδεαησᾶ-

227 2193 330 2252 μενος
373 2171 467 2226 Havn
489 2158 743 2245 εἰςδιιιησᾶμενος.
788 2166 902 2242 Mosqu.
924 2165 959 2222 A.
981 2161 1267 2247 μεταπορευόμενος

227 2257 282 2321 καὶ
307 2248 446 2319 ἐκδικεῖν.

294 2363 315 2420 l
339 2365 367 2424 5.
361 2349 520 2460 ‘'Apyeffoo
537 2375 647 2430 νοννην
675 2350 758 2436 εγῆφ.
781 2357 826 2414 ed.
848 2355 971 2414 Brunck.
993 2376 1049 2433 pro
1068 2380 1177 2434 αοινην
1197 2351 1267 2446 Ἀρ-

127 2524 131 2530 '
169 2440 176 2454 ⁸
228 2447 308 2532 γεῖοι
326 2441 445 2528 ψῆφον.
502 2492 504 2498 .

293 2555 333 2612 ib.
355 2553 425 2610 AM.
447 2551 509 2610 rell.
531 2549 605 2631 περῖ
625 2568 756 2620 τουτον,
785 2545 818 2612 εἰ
835 2545 885 2608 δεῖ
902 2571 935 2610 π.
957 2548 1050 2608 Florr.
1074 2549 1130 2611 Gu.
1154 2555 1264 2630 Mosqu.

227 2640 264 2703 A.
287 2639 374 2698 Paris.
399 2641 433 2696 A.
457 2636 560 2736 περῖ
550 2658 622 2708 του,
662 2634 693 2696 τί
722 2632 771 2696 δεῖ
795 2656 828 2694 π
859 2634 935 2694 Flor.
957 2635 994 2694 A.
1016 2656 1103 2714 παρα
1125 2633 1185 2700 τοῦ
1204 2663 1267 2702 πα-

227 2726 310 2790 θεῖν.
333 2727 390 2790 Gu.
409 2725 481 2804 περὶ
502 2745 558 2784 του
587 2725 692 2791 παθ

293 2832 315 2890 l.
338 2853 365 2908 7.
393 2849 505 2898 νυντος
531 2851 589 2900 την
617 2815 746 2900 Ελένην
773 2824 894 2902 Mosqu.
918 2823 955 2886 A.
997 2828 1080 2886 Idem
1106 2851 1174 2888 mox
1193 2825 1264 2911 μεθ

227 2908 281 2998 ἡμ.
302 2915 355 2978 καὶ
377 2903 473 2984 αυτός
498 2902 587 2986 ἦλθε.

292 3023 312 3079 l.
338 3041 385 3080 11.
408 3019 474 3077 Post
500 3007 652 3098 Ορὲοτην
678 3015 792 3090 Mosqu
819 3015 854 3074 A.
886 3011 1139 3098 ἐπαγγειλάμενος
1169 3014 1267 3087 αυέον

128 3165 131 3172 .
229 3110 273 3180 εἷς
293 3108 363 3186 βίον
383 3103 546 3204 προεῖσθαι.
592 3104 700 3160 Eadem
720 3101 828 3158 hahent
849 3104 934 3164 Paris.
957 3108 990 3162 A.
1015 3107 1091 3163 Flor.
1114 3111 1148 3166 A.
1173 3110 1263 3169 Florr.

231 3197 290 3252 Gu.
313 3192 415 3250 sedin
438 3191 481 3247 Fl.
499 3190 534 3248 A
556 3179 806 3268 επαγγειλάμενοι
826 3210 921 3252 αυτον
943 3192 987 3260 εἰς
1008 3213 1064 3253 τον
1083 3191 1153 3270 βίον
1174 3217 1217 3276 πρ
1220 3199 1267 3257 οὶι·

228 3284 332 3340 εσθαι.
397 3275 586 3336 Consentiunt
606 3275 691 3331 Pari.s
715 3276 750 3332 A
775 3285 802 3328 et
830 3275 919 3332 Florr.
941 3277 997 3334 nisi
1018 3279 1096 3354 quod
1118 3279 1187 3336 hi’
1148 3303 1268 3378 “zuar-

228 3357 413 3446 γειλάμενος.
480 3365 514 3419 In
546 3363 603 3418 Gu.
635 3359 689 3418 fuit
716 3351 971 3462 ἐπαγγειλάμενος
1001 3377 1028 3422 et
1048 3385 1081 3427 εκ
1103 3360 1163 3426 τοῦ
1181 3370 1266 3444 βίου,

229 3453 282 3508 sed
298 3474 335 3508 m.
347 3470 455 3510 ποτε
472 3437 833 3528 ἐπαγγειλάμενον-εἰς
849 3467 903 3509 ταν
915 3447 996 3528 βίον.
1040 3450 1127 3528 Signa
1145 3451 1267 3514 lacunae

228 3536 363 3616 apposuit
384 3535 506 3592 Brunck.

292 3637 420 3722 ὄφίλος
441 3663 472 3700 α
495 3660 592 3701 oom.
614 3639 707 3698 Havn.
729 3640 788 3696 Gu.

290 3749 311 3807 l.
334 3753 382 3810 13.
406 3739 644 3846 duou7eivavzcc
665 3746 777 3822 Mosqu
800 3743 837 3802 A.
878 3749 961 3806 Idem
989 3762 1043 3828 pro·
1070 3742 1268 3830 διεψενσθη-

228 3858 285 3898 σαν
305 3836 393 3893 habet
420 3823 632 3912 ἕψενσθησαν.

291 3940 312 3996 l.
338 3943 386 3998 14.
412 3943 460 4000 15.
505 3937 600 4012 Vulgo
623 3960 681 4012 την
703 3935 737 4000 δὲ
756 3928 928 4019 Ερμιόνην
948 3931 1091 4014 δείξας
1071 3962 1088 4002 ο
1110 3931 1266 4008 Ἀπόλλων

227 4021 270 4088 ἕδ.
335 4029 470 4086 Nostram
497 4023 650 4082 lectionem
681 4045 698 4082 α
725 4023 812 4083 Paris.
843 4026 883 4089 A
910 4025 991 4084 dedit
1018 4026 1140 4089 Brunck.
1171 4033 1265 4090 etsie
