2736 4920
245 538 289 600 Vl
558 527 715 596 INDEX
744 524 981 594 CODICUM.

315 685 450 756 „arabiam
467 686 544 740 'satis
556 689 689 738 ¹vetustus.
730 681 756 734 3.
773 680 861 734 Laud.
880 680 923 748 89.
953 681 981 732 iu
999 678 1048 733 l'ol.
1066 670 1186 731 edntinet
1204 677 1300 731 Hecu-

320 777 399 844 „bam
416 775 449 827 ad
467 776 516 828 liu.
533 775 593 827 283.
619 773 734 824 Oresten
757 771 834 822 alin.
855 769 912 821 164.
938 770 1026 822 lineae
1043 785 1109 822 1010
1129 767 1302 820 intermediae

317 866 404 933 „1183
422 866 526 916 desunt.
561 863 689 914 Continet
705 860 785 912 etiam
801 859 960 912 Phoenissae
976 860 1106 928 integras,
1125 867 1222 909 011101
1239 859 1301 926 pri·

316 973 391 1022 „mas
412 953 515 1006 fabulas
536 949 694 1017 Sophoclis,
727 949 819 1020 idyllia
844 950 972 1018 quaedam
997 949 1151 1012 Theocriti,
1185 955 1213 996 01
1237 947 1302 998 odas

319 1062 435 1112 „paucas
452 1041 570 1094 Pindari.
606 1040 631 1092 4.
649 1041 759 1092 Barocc.
776 1041 820 1092 66.
837 1039 995 1092 Phoenissis
1019 1037 1091 1090 solas
1113 1046 1303 1104 repraesentat,

321 1144 367 1199 „et
387 1127 859 1200 (1111011111801111006111111111,
877 1146 968 1180 recens
986 1127 1128 1180 admodum
1144 1136 1171 1178 et
1189 1125 1304 1178 meudo-

323 1239 395 1288 „sus
430 1224 456 1275 5.
474 1218 553 1270 Bodl.
575 1236 603 1270 n.
622 1219 699 1284 2175.
718 1218 773 1272 sice
790 1217 850 1270 NE.
868 1217 903 1268 D.
921 1233 947 1270 2.
968 1217 1008 1268 18.
1032 1226 1086 1268 tres
1105 1217 1201 1284 primas
1221 1216 1302 1268 labu-

321 1309 378 1376 „las
401 1309 459 1361 fere
482 1310 598 1378 integras
620 1297 736 1364 exbibet.
777 1305 933 1358 Notandum
955 1314 996 1358 011
1017 1307 1113 1370 etiam,
1147 1303 1221 1372 quod
1244 1304 1305 1356 lere

323 1397 438 1466 „singuli
454 1398 527 1452 notis
551 1399 765 1451 interlinearibus
789 1397 933 1449 donantur.
969 1395 995 1448 6.
1011 1393 1122 1446 Barocc.
1141 1395 1183 1463 74.
1201 1393 1306 1446 scholia

319 1488 461 1553 „continet
477 1488 586 1557 antiqua
604 1489 632 1539 in
650 1497 704 1540 tres
721 1486 822 1539 fabulas
839 1487 885 1540 has
902 1483 994 1554 Eurip.
1012 1501 1094 1554 usque
1111 1483 1144 1535 ad
1161 1483 1208 1534 lin.
1227 1481 1303 1551 1569.

321 1575 443 1641 „Phoem
461 1576 547 1634 codex
569 1565 698 1647 quantivis
720 1576 829 1646 pretii.“
862 1580 893 1630 lu
913 1575 1006 1628 eadem
1024 1573 1094 1630 Bibl.
1112 1583 1153 1626 est
1178 1571 1306 1640 „antiqua

324 1667 429 1732 „editio
447 1667 573 1735 Herregii
593 1684 653 1718 cum
669 1665 742 1718 notis
759 1665 845 1718 MStis
862 1665 914 1716 los.
932 1663 1090 1732 scaligeri.“

251 1757 314 1811 Br..
325 1757 413 1810 mutili
432 1757 533 1810 codicis
550 1757 734 1823 fragmentum,
753 1756 824 1828 quod
842 1765 944 1824 partem
962 1753 1097 1816 Hecubae,
1114 1758 1215 1819 partem
1227 1748 1305 1800 Ore-

321 1846 367 1898 stis
392 1856 420 1898 et
444 1847 550 1898 unicum
574 1846 666 1898 lolium
690 1845 761 1899 osd.
784 1843 846 1894 Col.
872 1853 953 1894 tenet.
987 1839 1050 1893 Vid.
1066 1841 1181 1892 Bruncl.
1199 1837 1306 1892 11101011.

323 1919 411 1989 Codd.
437 1935 607 1987 1111001011.
634 1933 749 1986 Scbcdas
772 1949 833 1984 suas
857 1942 935 1987 vocat
958 1931 1072 1984 Brunck.
1095 1930 1129 1982 ad
1152 1931 1220 1983 Hec.
1243 1929 1306 1981 816.

322 2022 383 2076 811.
401 2025 524 2077 codicem
542 2041 618 2076 suum
639 2023 704 2075 ibid.
723 2022 784 2076 848.
803 2032 855 2074 etc.

252 2114 356 2167 Buris.
381 2113 477 2167 Variae
495 2112 625 2164 lectiones
646 2109 736 2164 11118.
756 2121 861 2163 notatae
885 2111 914 2162 in
930 2107 1046 2162 Aldinae
1063 2108 1218 2178 exemplaris
1235 2127 1309 2160 mar-

320 2201 398 2269 gine,
429 2201 504 2271 quod
526 2220 586 2254 cum
603 2202 726 2253 Porscno
751 2200 956 2252 communicavit
974 2199 1035 2253 Car.
1052 2199 1184 2252 Burneius
1209 2199 1310 2253 iunior.

322 2286 435 2343 Porsen.
453 2307 515 2342 01111
539 2291 635 2342 librum
657 2289 686 2338 iu
710 2289 782 2342 notis
806 2291 839 2342 ed
856 2290 961 2342 Hecub.
979 2289 1116 2342 litterali.
1134 2290 1168 2342 ad
1185 2288 1310 2341 Medeam

323 2378 442 2448 (11111).
460 2380 494 2432 ad
509 2399 536 2435 1.
555 2379 612 2450 89.)
629 2379 682 2431 litt.
698 2377 730 2430 c.
747 2381 859 2432 11111νὶ1.

253 2466 288 2522 0.
305 2467 337 2522 0.
355 2470 387 2521 0.
412 2470 472 2522 us.
498 2469 616 2539 conegn
639 2468 768 2537 corporis
795 2469 894 2522 carna
919 2458 989 2538 spus
1015 2467 1256 2536 msusrrgtsnsss,
1293 2485 1310 2520 s

321 2559 451 2612 Barnasic
460 2597 469 2624 ,
487 2558 605 2628 Kingio,
628 2559 751 2612 Porsouc
769 2560 890 2612 collatus.
924 2559 995 2611 Eum
1013 2558 1145 2627 Musgrav.
1164 2556 1311 2613 Cantabri-

324 2649 441 2716 giensem
460 2657 548 2702 vocat.
1250 2637 1252 2641 ’

256 2737 344 2788 cort.
363 2737 495 2805 Excerpte
511 2754 527 2788 e
543 2737 603 2790 MS.
620 2737 737 2806 quodam
755 2722 934 2805 cottoniano,
951 2737 1080 2806 adscripta
1096 2735 1244 2804 exemplari
1265 2735 1310 2792 ed.

322 2825 517 2891 Barnesianae,
550 2827 624 2894 quod
648 2827 678 2878 iu
707 2825 773 2878 bibl.
795 2827 943 2879 Bodleiano
965 2839 1099 2892 servatur,
1132 2826 1202 2895 apud
1226 2826 1315 2879 Barna

322 2913 424 2982 Masgr.
443 2925 470 2968 et
486 2914 602 2968 l’orson.
636 2916 679 2970 De
695 2931 729 2970 eo
752 2916 899 2970 accuratius
916 2919 1020 2970 monuit
1036 2918 1154 2971 Elmslei.
1177 2919 1206 2969 in
1224 2917 1312 2986 praef.

325 3003 440 3059 Medeae
457 3023 485 3074 p·
506 3021 533 3073 9.

255 3109 354 3166 Flcr.
371 3111 405 3165 Α.
434 3111 573 3170 Venientes
595 3115 725 3170 lectiones
743 3115 800 3172 MS.
818 3115 984 3182 Florentiui,
1013 3117 1045 3170 ab
1069 3117 1104 3170 Is.
1119 3116 1217 3170 Vossio
1243 3119 1314 3170 olirn

325 3201 434 3266 collati,
469 3223 538 3275 quae
568 3205 598 3256 in
618 3205 779 3258 bibliotheca
802 3205 1065 3274 Lugduno-Batava
1091 3218 1244 3272 serrantur,
1278 3208 1316 3260 ad

324 3291 478 3361 llecubam,
510 3293 650 3358 Orestem,
684 3295 857 3364 Phoenissae,
885 3295 1024 3360 Medeam,
1054 3297 1153 3350 Alcest.
1177 3297 1315 3351 Androm.

325 3379 461 3444 Rhesum,
491 3383 613 3437 Troades
638 3387 810 3452 pertinentes.
839 3379 888 3440 ‘Ad
910 3385 1025 3445 Bacchas
1049 3403 1102 3438 una
1124 3397 1227 3437 tantum
1254 3406 1315 3440 var.

324 3469 388 3523 lect.
411 3483 519 3526 enotata
542 3485 590 3526 est.
632 3475 812 3528 collationem
841 3476 915 3529 illam
944 3475 979 3528 ad
1009 3478 1073 3532 edit.
1099 3477 1206 3542 canteri
1229 3478 1315 3532 Antv.

260 3550 264 3557 ’
330 3559 407 3628 1571.
426 3579 467 3616 12.
484 3563 635 3617 instituerat
652 3562 778 3628 Vossius,
811 3560 882 3635 quod
899 3565 967 3617 scire
985 3567 1078 3619 avebat
1093 3551 1202 3634 Burges.
1219 3567 1318 3621 Praef.

327 3645 433 3705 'srcad
451 3671 479 3721 p.
496 3653 545 3707 111.
578 3653 624 3706 Ad
641 3653 801 3708 Phoenissae
817 3671 886 3724 qnae
903 3656 1076 3725 pertinebant,
1095 3655 1170 3708 dedit
1179 3657 1319 3711 Valcken.

326 3740 442 3810 reliquas
467 3759 528 3797 cum
550 3745 703 3814 Musgrario
727 3744 931 3798 communicavit
947 3745 1129 3800 Ruhnkenius.
1163 3745 1319 3799 Lectiones

270 3837 271 3844 ’
323 3828 384 3884 illas
402 3830 508 3884 alibro
525 3831 659 3888 vossiano
676 3835 832 3904 descripsit,
862 3852 943 3904 quum
959 3834 1062 3889 Leidae
1075 3845 1240 3901 versaretur,
1270 3835 1322 3890 10.

257 3941 260 3952 ·
326 3918 415 3988 caph.
438 3921 570 3988 wolfius,
602 3923 678 3977 cnibs
700 3925 896 3994 apographum,
924 3926 1040 3980 sedecim
1060 3925 1136 3978 foliis
1159 3926 1261 3978 formae
1286 3925 1323 3978 8.

328 4018 471 4072 constans,
502 4011 583 4066 habet
605 4013 765 4067 bibliotheca
782 4013 996 4080 Hamhurgensis.
1030 4015 1096 4069 Eius
1118 4015 1223 4084 copiam
1245 4015 1324 4068 mihi

325 4097 390 4152 lecit
411 4115 495 4153 senex
518 4103 692 4173 venerabilis,
726 4121 812 4174 nuper
835 4103 931 4158 littaris
953 4113 1041 4158 morte
1063 4114 1188 4178 ereptus,
1222 4105 1256 4159 C.
1278 4105 1326 4159 D.
