2674 4914
358 467 526 536 norae
558 471 608 538 m
639 469 855 538 unorum.
917 509 920 516 ·
1065 477 1128 558 a,

89 639 177 716 'quaro
197 633 248 710 qui
270 651 345 688 nunc
367 643 426 695 est:
456 629 533 708 quod
557 628 679 686 enimin
701 649 818 706 quoque
839 631 934 686 Iasoni
956 630 1054 688 mortis
1075 649 1128 705 ge-

92 744 146 780 nas
176 719 386 798 praedicentem
408 716 474 773 fecit
496 718 624 775 Medeam
655 709 727 794 (vid.
751 714 847 771 Schol.
872 717 909 771 ad
935 713 1057 794 ιδῃ),
1095 716 1128 774 id

90 809 170 868 haud
201 807 289 861 dubie
320 823 354 860 ex
382 802 538 859 imitatione
561 801 707 879 Euripidis
736 801 811 856 fecit.
854 802 952 858 Restat
979 821 1045 859 vero
1072 802 1128 860 alia

91 897 179 951 etiam
198 886 348 946 difficultas
371 888 398 944 iu
421 887 675 960 iocortristotelis3
698 887 768 942 dicit
789 886 880 942 enim:
903 883 1026 972 μηχανῇ
1046 909 1128 974 χρη-

88 973 182 1042 οτεόν
203 974 255 1035 ἐπὶ
276 963 315 1034 ati
336 969 479 1044 ἰξωοοῦ
497 964 655 1053 δράματος
679 1003 715 1016 -—
741 1003 781 1016 --
812 966 833 1045 ἢ
859 962 930 1032 ὅσα
959 964 1128 1050 ὕστερον

91 1065 279 1147 γέγονεν,
299 1052 320 1119 d
340 1049 818 1138 δςῒταοπροογορεύσεως
839 1059 908 1119 καὶ
929 1049 1127 1137 οἶγγελίος.

91 1155 154 1209 Iam
179 1169 245 1204 vero
266 1147 290 1201 si
312 1146 341 1202 in
364 1168 412 1218 ea,
448 1165 534 1220 quam
557 1145 662 1218 legerat
682 1143 865 1214 Aristoteles,
902 1145 1000 1202 sabula
1022 1143 1130 1200 Iunoni

91 1237 148 1296 hae
177 1246 270 1312 partes
300 1231 422 1288 tributae
449 1231 588 1299 fuissent,
627 1241 660 1285 ut
684 1249 734 1298 ea,
772 1251 844 1305 qnae
865 1229 960 1287 lasani
981 1230 1132 1302 instarent,

91 1321 314 1390 vaticinaretur,
348 1317 429 1374 nulia
450 1317 553 1372 suisset
573 1333 658 1370 causa
684 1315 926 1390 reprehensionis:
961 1317 1032 1372 deae
1055 1317 1132 1373 enim

94 1407 236 1480 assignata
259 1403 390 1475 fuissent,
413 1423 485 1478 quae
505 1400 690 1457 convenirent
712 1401 791 1460 deae.
831 1402 933 1476 ltaque
955 1401 984 1456 in
1008 1423 1039 1458 ea
1053 1399 1132 1458 nte:

94 1495 165 1562 dea,
201 1509 286 1565 quam
308 1488 474 1546 Aristoteles
502 1485 520 1543 l.
543 1506 567 1543 c.
590 1485 720 1563 respicit,
754 1489 827 1543 Iuno
855 1487 928 1542 hanc
949 1488 1132 1544 vaticinatio-

92 1599 162 1637 nem
183 1579 319 1654 peragere‘
339 1573 532 1650 non‘potuit,
564 1571 614 1630 sed
639 1569 765 1633 mortalis
787 1572 910 1642 femina,
942 1585 970 1632 et
989 1573 1017 1630 iu
1043 1572 1132 1628 Euri-

91 1664 164 1745 pide
192 1660 402 1737 reprehendere
431 1659 545 1715 ridetur
573 1656 784 1732 philosophus,
826 1679 883 1714 non
905 1657 983 1732 quod
1012 1657 1132 1714 oteramo

91 1748 229 1808 machina
260 1765 328 1804 usus
358 1744 414 1813 sit,
450 1744 499 1800 sed
529 1743 610 1817 quod
639 1741 801 1812 hominem,
833 1763 891 1798 non
914 1743 1014 1816 deam,
1046 1743 1076 1796 in
1101 1761 1135 1798 ea

24 1829 28 1840 ⁴
93 1831 268 1894 exhibuerit.
310 1831 372 1906 Moe
393 1829 479 1886 modo
500 1826 624 1884 concidit
646 1840 702 1882 tota
725 1826 775 1882 itta
794 1827 989 1900 ratiocinatio,
1014 1828 1135 1886 Aristo·

92 1917 164 1978 telis
186 1918 248 1974 loco
269 1913 395 1980 suffulta.
440 1912 527 1985 Quod
549 1931 617 1971 vero
645 1913 679 1968 ad
703 1931 792 1986 genus
814 1913 926 1982 mortis,
960 1913 1057 1970 Iasoni
1080 1913 1135 1969 de*

90 2005 253 2074 orinatum,
292 2000 440 2078 pertinet,
468 2019 526 2066 non
550 1997 645 2054 miuus
667 1996 741 2056 iilud
769 1996 922 2054 ridiculum
945 2013 1036 2072 esset,
1072 1997 1095 2056 si
1117 2019 1136 2055 a

92 2089 207 2152 Iunone
236 2086 467 2162 praediceretur;
503 2083 649 2142 vaticinari
678 2095 772 2148 atatem
801 2085 930 2141 Medeam
961 2105 1018 2144 uon
1047 2084 1136 2158 magis

33 2201 36 2206 ·
92 2175 243 2234 offendere
264 2172 366 2241 debet,
404 2185 490 2246 qtram
513 2170 592 2246 quod
612 2168 791 2246 Polymestor
809 2169 838 2224 iu
862 2170 978 2226 Hecuba
997 2170 1138 2226 raticina-

89 2275 160 2330 tur‚
182 2277 236 2318 nec
257 2259 312 2318 ltoc
333 2255 454 2316 offendit
474 2255 673 2333 Neophrouem
683 2301 694 2328 ,
713 2255 765 2331 qui
788 2253 918 2312 similiter
933 2257 1064 2330 Medeam¹
1087 2257 1138 2312 su-

93 2360 191 2406 turam
218 2343 313 2408 Iasoni
339 2355 444 2406 sortem
473 2341 680 2418 praedicentem
711 2341 832 2398 induxit.
883 2343 1012 2400 Fortasse
1041 2354 1137 2414 autam

92 2430 227 2492 consulto
257 2428 410 2507 Euripides
432 2422 558 2485 Medeae,
578 2427 629 2484 has
655 2439 749 2504 partes
780 2428 810 2482 in
832 2427 889 2484 fine
911 2427 1025 2486 subulae
1047 2427 1137 2496 dedit,

93 2531 136 2578 utx
161 2517 198 2572 de
225 2515 297 2571 sesto
318 2513 422 2597 'pueris
450 2511 627 2568 instituendo
657 2511 830 2586 loqueretur.
881 2515 978 2584 Quum
1001 2513 1076 2570 enirn
1106 2532 1139 2569 se

92 2622 178 2664 sacru
201 2598 328 2657 solennia
352 2599 387 2653 ad
410 2595 581 2670 expiandam
603 2597 718 2652 caedem
741 2595 936 2653 instituturum
958 2597 1041 2664 dicit,
1082 2597 1139 2652 hoc

94 2689 273 2745 documento
290 2671 356 2741 e'sse
376 2691 502 2755 poterat,
530 2697 670 2756 puerosa
694 2693 783 2735 matre
805 2680 886 2755 ipsa,
913 2703 971 2738 non
994 2703 1008 2736 a
1033 2680 1140 2751 Coriu-

95 2770 191 2844 thiis,
211 2768 320 2826 occisos
342 2785 419 2834 esse,
442 2775 469 2820 et
490 2763 609 2834 sestam,
636 2763 715 2840 quod
734 2765 891 2822 secundum
914 2765 1079 2823 Pausaniam
1106 2767 1143 2836 ΙΙ,

89 2862 130 2922 ’3.
163 2853 315 2929 usquead
338 2847 508 2909 Corinthum
529 2871 544 2905 a
568 2849 704 2907 Romanis
735 2850 856 2908 excisam
876 2851 1046 2928 permansit,
1079 2871 1140 2908 nou

95 2965 113 3004 a
138 2938 313 3008 Corinthiis,
345 2949 377 2994 ut
397 2956 480 2992 statem
506 2934 614 2993 facinus
637 2937 800 3012 expiarent,
821 2939 871 2994 sed
893 2958 909 2995 a
928 2940 1044 3008 Medea,
1067 2939 1141 2992 deo-

94 3048 165 3090 rum
190 3027 248 3082 irae
264 3023 439 3080 ‘avertendae
462 3041 546 3082 causa
566 3017 606 3100 *),
636 3022 799 3080 institutum
823 3043 894 3080 esse.
943 3025 972 3080 Si
994 3028 1067 3082 Jerno
1090 3025 1142 3080 has

94 3127 198 3200 partes
221 3111 322 3187 egisset
348 3103 423 3188 (etsi
450 3127 510 3165 nou
538 3106 630 3165 solent
658 3108 699 3165 dii
721 3107 878 3188 piacularia
907 3111 944 3169 ob
967 3111 1088 3168 caedem·
1106 3108 1143 3166 als

133 3299 164 3368 ⁸)
185 3294 220 3348 δι’
234 3294 333 3346 Medea
351 3295 411 3362 ipsa
428 3291 526 3344 liberos
543 3291 710 3358 trucidavit,
738 3297 785 3364 qui
800 3298 892 3364 potnit
909 3315 941 3348 ea
960 3293 1067 3348 eaedem
1085 3304 1145 3346 tam

161 3380 251 3454 soedo
267 3381 374 3432 nomine
395 3378 550 3449 appellare,
572 3380 619 3447 qai
636 3381 783 3434 Corinthiis
800 3382 905 3446 iubere,
924 3391 954 3433 ut
972 3380 1146 3430 insumerent

170 3483 254 3521 sacra
271 3477 385 3536 propter
407 3463 488 3518 eam?
522 3463 611 3516 rerba
635 3470 703 3518 sunt
727 3463 863 3519 Boeckhii
888 3483 917 3536 p.
938 3468 994 3533 167.
1029 3466 1144 3518 Nomen

171 3550 291 3626 quidem
306 3541 456 3623 Ιδυσσεβοῦς
472 3545 559 3621 apriano
582 3567 610 3600 v.
634 3551 707 3617 1373.
731 3565 791 3602 uon
805 3550 927 3603 ›foedius
947 3560 987 3603 est
1004 3567 1053 3614 eo,
1086 3535 1146 3618 quo

98 3661 101 3666 ¹
173 3647 204 3692 et
229 3635 416 3707 ipsa·r.791.
439 3655 522 3690 surim
543 3632 655 3687 facinus
672 3632 813 3704 appellat,
851 3642 878 3687 et
897 3636 1011 3690 Orestes
1029 3637 1145 3689 caedem

96 3745 100 3756 ·
172 3729 335 3778 maternam
362 3740 378 3775 a
401 3741 430 3775 se
455 3728 645 3794 perpetratam
669 3720 750 3791 ἔργον
775 3716 960 3777 ἀνοσιώτατον
984 3731 1068 3775 vocat
1092 3721 1145 3778 Or.

97 3841 100 3850 ·
174 3810 253 3878 ²7⁶³
275 3807 373 3876 Neque
398 3827 466 3863 vero
485 3805 586 3862 Medea
610 3803 690 3858 iubet
707 3803 872 3860 Corinthios
895 3823 975 3860 sacra
996 3806 1044 3873 illa
1061 3807 1147 3860 insti-

98 3917 103 3924 ·
144 3919 149 3928 ·
172 3905 266 3956 tuere,
284 3892 333 3944 sed
352 3893 411 3962 ipsa
430 3908 458 3943 se
477 3891 669 3944 instituturam
689 3890 766 3958 dicit,
785 3887 887 3962 οεμνήν
904 3891 1002 3961 invade
1019 3899 1065 3948 καὶ
1082 3890 1147 3962 τέλη

106 4006 108 4014 1
134 3974 367 4050 reponderare,
400 3977 476 4032 haud
503 3975 591 4030 dubie
611 3984 644 4028 ut
667 3976 758 4030 scelus
780 3987 952 4052 conceptum
971 3979 1096 4052 expiaret
1119 3986 1148 4032 et

174 4065 261 4128 dees,
283 4061 426 4136 imprimis
444 4065 601 4132 tenorum,
618 4060 755 4134 placaret.
