2736 4920
414 427 844 518 annnx'conrcun.
1099 449 1159 517 vn

172 599 295 670 Ebeling.
310 651 323 656 ..
336 601 616 671 Abeademacc'epi
638 601 680 654 Io.
697 599 787 658 Vcaaii
810 614 887 660 notae
911 605 946 660 ad
966 603 1087 675 Euripid·
1111 601 1154 657 ed.

172 691 350 760 Antv.1571.
376 710 418 748 aa.
446 679 561 762 quae'ab
579 691 674 744 eodem
693 691 796 748 Wolfio
814 695 960 766 descriptae
976 696 1076 749 ibidun
1094 711 1155 748 aar·

171 790 275 835 vantur.
311 783 344 832 In
364 782 413 838 illo
437 796 502 834 vero
524 780 697 850 apographo,
729 801 764 837 ne
788 787 846 856 qnia
868 793 912 839 tue
935 787 1012 857 plura
1034 783 1154 837 omiaiaae

173 871 341 950 criminetur,
365 870 476 924 variatae
493 870 616 942 lectionia
634 871 667 923 ad
682 871 820 927 Hecubam
837 883 943 928 enotata
958 884 999 926 eet
1015 889 1101 944 neque
1116 869 1152 928 ad

170 978 198 1014 v.
213 960 275 1014 455.
294 959 341 1012 ubi
357 960 532 1030 adscriptum:
555 961 669 1027 „Poatea
686 963 754 1016 nihil
772 962 863 1028 affert,
889 963 940 1016 uiai
956 963 989 1016 ad
1011 979 1039 1031 p.
1056 979 1101 1019 ao.
1124 977 1152 1016 r.

28 1075 32 1088 ·
139 1091 142 1098 .
174 1066 216 1102 ao.
233 1069 248 1102 a
266 1049 286 1102 f.
304 1040 327 1104 ὦ
342 1053 447 1114 τέκνον,
469 1040 492 1104 ὦ
506 1051 633 1106 τέκνον.“
654 1051 688 1119 (ἰ.
706 1071 731 1106 e.
753 1073 780 1108 v.
797 1053 876 1124 575.)
909 1053 998 1118 „Tum
1016 1067 1045 1120 p.
1063 1067 1107 1119 ²7·
1124 1065 1151 1102 r.

169 1155 197 1192 a.
215 1137 308 1210 φίλον]
324 1137 424 1209 φίλων.
448 1139 480 1206 (i.
498 1157 523 1195 e.
543 1161 570 1194 v.
588 1139 665 1211 841.)
681 1153 709 1195 at
726 1160 753 1195 v.
772 1145 798 1198 ὅ.
816 1159 831 1194 a
849 1141 887 1193 f.“
919 1141 1039 1194 Tandem
1056 1155 1085 1208 p.
1105 1138 1153 1194 58.

170 1243 197 1282 ν.
216 1231 242 1282 4.
259 1231 286 1283 5.
310 1229 339 1299 (ἰ.
357 1247 381 1282 e.
402 1247 429 1282 r.
450 1244 526 1280 1202.
543 1229 586 1299 5)
618 1229 650 1284 ln
669 1231 768 1286 Oreste
784 1229 819 1285 ad
834 1249 933 1300 argum.
950 1229 1077 1301 quaedam
1093 1243 1151 1280 no-

168 1327 224 1371 tata
244 1329 313 1372 aunt.
347 1317 414 1370 Poat
428 1333 498 1386 quae
514 1317 581 1371 haec
595 1320 786 1375 aubiiciuntur:
816 1317 975 1390 ,fauraqa
996 1316 1150 1372 inaeribitur

168 1406 235 1462 baec
249 1407 387 1478 tragoedia
403 1407 434 1459 in
451 1407 519 1460 Cod.
538 1410 611 1462 Flor.
645 1411 788 1464 Praeterea
804 1410 872 1464 uilril
897 1411 930 1463 ad
954 1427 1012 1463 eam
1034 1425 1150 1462 coarce-

169 1498 241 1552 diam
258 1507 380 1552 notatum
394 1504 467 1558 erat,
492 1500 540 1551 aad
556 1500 583 1551 in
601 1501 654 1553 fine
670 1501 704 1552 ad
720 1501 839 1570 aenigma
855 1500 1009 1570 Sphingia.“
1041 1497 1095 1551 vid.
1112 1493 1147 1550 ad

168 1589 345 1660 arg.1'hoen.
371 1605 398 1658 p.
416 1589 477 1656 273·
511 1589 554 1640 ad
573 1589 679 1642 initium
697 1591 809 1644 Medeae
831 1599 999 1644 annotatum:
1029 1591 1148 1660 „Hypo-

166 1679 249 1732 tbeaia
272 1681 307 1732 ad
322 1677 444 1731 Medeam
468 1675 497 1728 in
513 1676 572 1728 MS.
589 1678 712 1733 Floreat.
736 1679 861 1732 tribuitur
876 1681 1051 1737 Dicaearcho.
1085 1680 1148 1732 De·

168 1779 231 1820 aunt
249 1770 341 1837 priora
358 1769 463 1837 aliquot
487 1765 552 1818 folia
575 1767 653 1821 buiue
669 1772 823 1838 tragoediae
846 1769 875 1823 iu
897 1772 993 1824 eodem
1013 1769 1082 1824 Cod.
1098 1786 1150 1822 ra-

168 1867 227 1909 tere
243 1859 339 1911 Flor.“-
369 1857 491 1911 Varietaa
505 1855 631 1932 lectionia
646 1857 740 1926 incipit
757 1877 773 1910 a
788 1876 816 1926 p.
837 1860 896 1912 156.
920 1877 946 1915 r.
964 1861 990 1914 5.
1008 1877 1022 1912 a
1040 1861 1060 1912 f.
1083 1859 1102 1910 i.
1121 1874 1147 1910 e.

168 1967 185 2001 n
210 1967 236 2001 v.
254 1965 316 2016 27⁰·
350 1945 414 2011 „Ad
436 1937 578 2010 ‘ledradus
600 1939 711 2014 Ἰφογίν.
731 1945 762 2000 e'v
778 1944 852 2002 Ait.
866 1944 975 2017 Ἰφιγέν.
997 1946 1029 2002 ἰν
1049 1941 1146 2012 Τυῦρω

166 2037 235 2106 (tic)
253 2035 351 2092 nibil.“
392 2034 521 2090 ERheao
551 2033 670 2085 ultimum
694 2045 735 2089 eet
759 2035 832 2106 quod
849 2036 958 2090 affertur
981 2053 1009 2105 p.
1033 2036 1095 2090 tta.
1119 2033 1146 2088 5.

165 2125 280 2194 πέρσαι]
300 2112 383 2183 etat.
398 2126 418 2178 i.
429 2141 454 2176 e.
471 2141 497 2175 v.
514 2122 577 2192 598.
594 2133 657 2190 poet
673 2142 739 2195 quae
757 2127 903 2196 aoripttuu:
919 2123 1051 2196 „Reliqua
1066 2123 1146 2178 huina

165 2215 246 2283 Trag.
262 2214 357 2268 desunt
372 2214 403 2266 in
420 2230 454 2266 eo
470 2209 540 2266 cod.
558 2227 636 2280 quem
655 2214 784 2269 contuli.“
819 2217 850 2270 In
867 2233 899 2270 ea
916 2215 1005 2269 fabula
1022 2215 1056 2266 ad
1071 2231 1146 2268 non-

167 2304 258 2358 nulloa
280 2321 371 2357 vereua
393 2303 553 2370 adscriptum
572 2301 607 2356 V.
625 2303 661 2358 V.
686 2321 740 2374 quo
762 2315 863 2376 epectat
886 2304 1023 2358 annotatio
1047 2303 1075 2356 in
1092 2304 1147 2356 bne

164 2411 223 2447 aar.
241 2394 303 2446 lect.
321 2410 336 2444 e
352 2392 445 2446 Rheac
462 2390 573 2460 acripta:
604 2391 709 2459 „Video
731 2392 775 2447 hic
799 2395 933 2448 interdum
950 2393 1037 2446 afferri
1056 2391 1092 2444 V.
1110 2391 1146 2446 V.

166 2494 195 2536 et
211 2483 245 2538 V·
261 2482 333 2550 quod
350 2481 432 2536 infert
447 2482 514 2534 duca
531 2481 639 2534 codicea
655 2483 784 2547 direraoa,
804 2483 873 2536 aicut
891 2493 917 2534 et
932 2482 1043 2538 Voeaina
1058 2480 1147 2534 inter·

166 2572 230 2624 dum
253 2571 365 2625 alterum
396 2571 430 2622 ab
454 2571 539 2622 altero
564 2570 665 2623 diaerte
689 2572 839 2623 diatinxit.“
882 2569 927 2620 Ad
950 2569 1066 2620 Bacchea
1095 2569 1148 2619 ad·

168 2662 310 2729 scripturn:
342 2659 390 2724 „in
406 2658 483 2712 Flor.
503 2656 573 2710 Cod.
591 2657 743 2712 iraucribitur
766 2657 832 2710 baec
854 2655 993 2725 tragoedia
1009 2650 1147 2712 Πενθεύς.

165 2751 208 2804 Ad
225 2751 293 2802 hanc
310 2750 379 2803 nihil
396 2749 504 2800 omnino
522 2747 689 2800 observatum
707 2758 764 2816 eet,
792 2755 974 2816 praeterquam
989 2759 1017 2812 p.
1034 2741 1096 2796 sat.
1119 2757 1147 2793 v.

167 2843 194 2896 5.
215 2843 236 2895 i.
255 2861 278 2894 e.
298 2838 375 2910 Cycl.
395 2853 454 2904 7οι.
477 2831 651 2906 ὁμφιτρῆιοσ
668 2836 728 2892 MS.
755 2835 821 2890 vid.
840 2834 916 2890 Suid.
941 2835 969 2886 in
986 2825 1149 2902 Ἀμφιτρῆ-

168 2953 226 2988 τον.
266 2932 303 2983 Et
330 2927 369 2980 cic
396 2943 502 2997 quoque
529 2925 607 2977 nihil·
624 2941 736 2994 proraua
765 2925 800 2978 ad
829 2924 954 2996 reliquae*
972 2920 1149 2992 tragoedias.“

167 3022 259 3076 Voaaii
277 3025 402 3086 excerpta
417 3014 452 3068 ad
469 3013 591 3069 Medeam
609 3016 699 3070 denuo
716 3013 830 3070 eontulit
847 3015 887 3068 Io.
907 3010 1022 3082 Lenting
1044 3011 1073 3064 in
1100 3008 1146 3063 ed.

167 3112 291 3168 Medeae.

95 3201 217 3260 Florr.
238 3218 261 3254 ι.
280 3216 306 3250 2.
323 3197 349 3250 5.
367 3194 393 3264 6.
412 3211 439 3266 9.
459 3211 499 3264 ro.
519 3194 559 3249 15.
580 3210 620 3265 ¹7·
639 3193 924 3251 18.ar.25.3a.34.
945 3189 1156 3258 Codiceelilca·¹

166 3291 282 3356 reatini,
297 3289 332 3340 do
349 3285 444 3356 quibua
460 3283 514 3338 vid.
531 3285 619 3340 Praei.
637 3294 757 3358 noctram
775 3285 810 3340 Τ.
827 3285 851 3335 Ι.
871 3302 903 3357 p.
919 3282 968 3336 VI.
993 3281 1029 3333 Τ.
1047 3277 1097 3332 IV.
1119 3295 1148 3346 p.

168 3381 220 3436 tv.
254 3381 296 3434 Ex
322 3377 356 3429 iia
381 3393 405 3429 1.
430 3383 535 3444 praeter
557 3376 661 3430 fabulae
683 3394 699 3431 a
720 3373 820 3440 Beckio
844 3370 1002 3424 aBandinii
1027 3368 1149 3434 catalogo

169 3478 333 3526 enumeratae
349 3465 430 3519 babet
445 3465 523 3548 ctiam
542 3467 679 3522 Helenam.
713 3481 740 3518 π.
757 3463 892 3532 pleriaqua
908 3463 938 3514 iu
954 3459 1021 3514 lucie
1039 3457 1150 3526 conapi.
1230 3479 1231 3482 ¹

167 3571 211 3615 rat
227 3577 289 3612 cum
307 3559 355 3626 iia,
375 3573 442 3627 quae
460 3565 488 3611 ot
505 3556 640 3610 Victorius
662 3565 689 3609 et
704 3553 817 3607 Hieron.
833 3551 935 3620 Magius
954 3560 982 3604 et
1000 3549 1116 3618 Scaliger
1134 3561 1151 3600 a

170 3659 263 3704 vetere
287 3649 382 3702 codice
404 3655 580 3712 annotarpnt..
607 3645 672 3700 Vid.
696 3645 732 3698 T.
750 3641 774 3695 1.
799 3640 888 3696 Praei.
913 3657 941 3710 p·
957 3639 1006 3695 VI.
1023 3637 1098 3694 VIII.
1124 3645 1153 3688 et

175 3741 242 3792 infra
259 3743 296 3793 M
299 3755 354 3810 ag.
416 3744 438 3806 ‚¹
626 3789 638 3802 ,.

102 3817 165 3884 Ora.
189 3827 449 3898 Guelpherbytanus,
470 3827 504 3882 de
521 3821 596 3894 quod
612 3821 668 3876 rid.
686 3811 934 3880 nostraee'ditionia
952 3819 988 3872 Τ.
1005 3819 1027 3872 1.
1051 3815 1155 3886 pult.

10 3985 11 3998 .
100 3937 142 3996 Η.
159 3938 315 3992 Harleianua
333 3937 410 4006 5725.
429 3937 459 3990 ia
475 3937 572 3989 Museo
588 3933 756 4004 Britannico,
781 3931 916 3988 Hecubam
934 3945 994 3995 cunr
1011 3927 1156 3994 gustator-

10 4005 11 4020 *
174 4026 322 4082 tineartbm
340 4039 369 4082 et
385 4025 571 4096 marginalibus
588 4022 744 4092 continena,
762 4023 875 4078 collatur
891 4037 908 4072 n
923 4021 1056 4072 Poraono.
