2736 4920
414 503 580 574 ιιοίιιι
608 506 660 573 ιιι
686 507 923 578 necessu.
1106 505 1174 598 ¹s.

140 665 186 724 bis
208 685 301 724 ιιιιιιιιι
323 665 443 765 aliquod
472 667 595 725 verbum
621 669 811 725 novissimum
838 687 941 727 vocare
961 665 1175 744 ineptissimum

139 765 231 822 esset,
261 771 314 809 neo
344 753 439 810 minus
460 753 605 824 alienum,
636 767 723 810 totam
755 753 914 813 orationem
944 755 1174 850 Agamemnonis,

138 837 272 914 quamvis
290 837 510 910 brevissimam,
539 839 654 915 qualem
684 847 771 914 poeta
802 852 878 897 certe
901 838 1054 911 describit,
1074 828 1176 901 aios&

136 943 196 996 την
218 916 301 996 ὅπα,
322 944 354 980 ac
375 945 432 982 non
455 919 518 987 ὅπα
549 923 720 1001 simpliciter
741 924 898 1000 appellere.
941 923 1006 982 Alia
1036 924 1110 982 ratio
1132 937 1176 984 est

136 1008 196 1066 loci
218 1009 297 1086 apud
318 1011 447 1085 Longum
469 1015 520 1068 111.
542 1031 574 1087 p.
601 1015 669 1072 103.
693 1010 739 1067 ed.
762 1009 907 1069 Schael'er.
934 1010 985 1070 ubi
1014 1009 1083 1068 satis
1106 1009 1174 1069 lou-

137 1114 190 1169 gae
212 1093 351 1151 orationis
372 1097 510 1174 Dryantis
533 1095 633 1152 ultima
654 1116 723 1174 pars
744 1109 864 1153 vocatur
885 1087 905 1157 d
923 1088 1055 1178 ὕστερος
1075 1087 1176 1177 λόγος,

136 1180 235 1236 minus
257 1193 333 1238 reete
354 1202 370 1236 a
392 1181 546 1242 Seliaesero
568 1201 599 1258 p.
623 1185 695 1258 590.
715 1200 781 1238 cum
803 1181 858 1238 hoc
879 1195 981 1241 nostro
1007 1182 1175 1260 comparati,

136 1276 167 1322 et
198 1263 316 1321 'alterius
353 1267 432 1343 apud
463 1267 619 1324 Libsnium
647 1267 682 1322 T.
713 1267 766 1326 IV.
795 1285 827 1344 p.
863 1269 931 1327 146.
962 1287 1049 1344 queen
1074 1265 1175 1328 laudat

136 1348 365 1424 Boissonadius,
397 1353 494 1412 Herm.
525 1351 792 1429 interpretationem
818 1353 964 1451 probans,
996 1353 1047 1410 ubi
1069 1352 1176 1412 mulier

135 1433 340 1511 loquacissima
361 1438 457 1496 mariti
480 1438 581 1496 ultima
602 1438 691 1496 verba
713 1437 809 1495 statim
832 1438 952 1534 exeipit.
973 1461 995 1514 η
986 1429 1051 1500 ’δὲ
1071 1435 1174 1509 ἔπεις-

134 1517 276 1582 ιλθιιῦσα
298 1517 372 1600 (lege
396 1544 411 1579 e
433 1524 495 1581 eod.
524 1524 615 1583 Paris.
637 1528 732 1602 3017
755 1512 831 1598 ἡδὲ
850 1513 1083 1605 aineteelr‘i.)
1043 1547 1102 1600 ens
1122 1541 1176 1586 st-¹

135 1606 245 1667 λευτιιὶ
244 1630 282 1668 es
304 1601 479 1687 συλλαβήν,
500 1601 590 1671 οὗτοι
609 1633 637 1672 ιι.
659 1633 688 1670 a
710 1609 1059 1671 tenementum...
1085 1610 1174 1688 plura

134 1691 264 1764 dixerat,
295 1705 323 1750 et
344 1694 423 1751 aliud
436 1708 487 1758 est
507 1694 638 1750 ultimam
659 1693 817 1773 syllabam,
846 1695 926 1756 aliud
949 1695 1084 1752 ultimum
1105 1715 1176 1754 ves·

134 1775 207 1834 bum
231 1777 370 1854 excipere.
424 1779 482 1835 Sed
513 1767 582 1834 alia
598 1792 675 1850 sunt,
705 1799 778 1854 quae
799 1780 894 1838 locum
915 1793 1081 1858 suspectum
1105 1779 1175 1836 red-

137 1861 218 1917 dant.
264 1861 366 1933 Qualis
396 1864 471 1920 enim
493 1865 564 1920 haee
586 1877 629 1921 est
647 1865 792 1922 narratio:
824 1883 920 1942 quum
941 1866 1070 1924 iuvenes
1095 1862 1177 1922 utst-

134 1964 191 2002 ma
214 1946 280 2028 Ag.
300 1943 398 2002 verbo
420 1947 602 2016 audissent,
627 1946 816 2006 dimiserunt
836 1950 1002 2026 virginem,
1024 1963 1055 2009 et
1077 1969 1175 2034 quum

132 2033 228 2108 virgo
260 2029 424 2090 dominii.
454 2055 480 2093 c.
507 2031 758 2114 Agamemnonis
785 2036 958 2096 orationem
989 2025 1176 2110 audivisset,

127 2117 248 2196 pe'etns
270 2117 417 2176 nudaret
460 2122 562 2179 Nonne
584 2121 752 2180 concinnius
775 2135 858 2192 esset,
878 2122 998 2201 Agnos.
1030 2123 1175 2182 oratione

132 2203 266 2274 audita,
300 2216 331 2262 et
351 2206 479 2264 invenes
500 2208 656 2286 virginem
678 2207 876 2280 dimiserunt,
898 2221 930 2269 et
949 2211 1040 2288 virgo
1056 2221 1175 2287 pectus

131 2289 287 2357 nudavit,
309 2311 346 2348 ne
365 2291 410 2350 his
434 2294 508 2350 idern
526 2294 696 2353 diceretur?
727 2295 784 2353 Sed
806 2317 843 2354 ne
864 2318 938 2376 opus
961 2298 1077 2374 quidem
1101 2310 1172 2364 erat,

121 2378 241 2435 'diserte
264 2378 418 2435 memorari
448 2380 566 2438 iuvenes
586 2380 728 2455 virginem
748 2381 938 2440 dimittentes:
969 2383 1072 2442 secisse
1094 2383 1172 2440 euim
1207 2404 1210 2412 ¹

131 2483 201 2533 eos,
225 2463 425 2542 quodAgam.
448 2465 598 2539 iussisset,
621 2478 649 2522 et
670 2471 773 2542 perse
794 2465 977 2550 intelligitur,
1011 2479 1039 2524 et
1060 2487 1095 2524 ex
1116 2465 1173 2538 iis,

130 2569 206 2626 quac
228 2563 406 2623 sequuntur,
437 2550 622 2626 perspicitur.
675 2545 805 2606 Additur
827 2563 938 2619 tamen,
961 2551 1065 2620 etita,
1085 2550 1173 2644 quasi

130 2653 271 2709 magnum
292 2634 363 2727 quid
387 2637 425 2692 sit
448 2654 480 2690 ae
502 2633 704 2702 memorabile,
728 2653 817 2730 quum
840 2633 971 2705 dicatur,
991 2653 1051 2690 nou
1073 2623 1173 2694 ὑστά-

129 2743 191 2794 την
213 2712 277 2779 ὄπα
298 2707 537 2798 Ἀγαμιᾷιιιοιιις,
566 2718 617 2775 sed
639 2707 708 2778 aios.
725 2712 811 2790 (ino,
838 2709 936 2798 οὗπερ
958 2718 1012 2780 stol
1031 2715 1175 2799 μέγιστον

130 2797 173 2865 ἶν
202 2794 329 2885 κράτος.
368 2807 505 2880 Itaque,
524 2804 585 2861 nisi
611 2823 756 2860 summum
788 2803 941 2882 imperium
973 2816 1049 2864 esset
1081 2825 1173 2882 penes

131 2894 395 2966 Agamemnonem,
424 2910 482 2946 non
515 2889 644 2948 obsecuti
666 2888 786 2957 essent?
818 2911 854 2948 ιιιι
875 2889 1022 2949 nesciebat
1042 2890 1172 2962 Hecuba,

130 2973 357 3056 Agamemnonis
378 2971 520 3081 μέγιστον
541 2971 621 3038 εἶναι
641 2967 781 3056 upoieoe?
802 2973 934 3046 Accedit,
956 2977 1034 3054 quod
1057 2977 1171 3050 ultima,

130 3053 231 3139 οὗπερ
254 3058 307 3122 καὶ
327 3056 470 3140 μέγιστον
491 3053 529 3137 ἦν
551 3057 621 3142 (dici
643 3061 766 3120 debebat
786 3059 865 3143 ἔστι)
885 3053 1081 3144 κράτος,ιιοιι
1096 3063 1171 3122 bene

132 3147 249 3204 divulsa
269 3161 353 3216 suut,
376 3147 549 3223 interposito
570 3147 660 3207 verbo
681 3143 843 3247 μεθῆκαν,
875 3149 950 3206 ab”
932 3171 975 3220 us,
997 3149 1171 3226 quibuscum

133 3233 240 3290 arctius
262 3231 416 3289 cohaerere
445 3223 657 3302 debebant,
635 3225 775 3309 υστᾶτην
803 3229 887 3307 ὅπα,
912 3249 939 3293 et
961 3235 1058 3312 quod,
1080 3255 1171 3320 quum

132 3337 160 3375 ιι.
185 3321 258 3378 550
282 3337 327 3392 sq.
351 3319 386 3374 de
407 3317 560 3376 iuuenibus
593 3316 704 3376 selectis
727 3341 821 3378 sermo
844 3321 971 3391 suisset,
990 3339 1017 3376 v.
1041 3325 1113 3382 551.
1133 3320 1171 3377 ad

133 3402 308 3480 'Polyxenam
339 3423 398 3460 non
426 3401 500 3460 bene
529 3403 680 3474 transitui,
710 3425 787 3464 noto
810 3405 938 3462 subiecto
960 3425 1020 3461 non
1043 3423 1172 3462 comme-

135 3500 255 3545 morato.
299 3489 354 3545 His
383 3501 424 3546 tot
453 3489 547 3548 causis
578 3490 720 3549 adductus
751 3511 810 3546 non
841 3509 981 3566 possum,
1003 3489 1073 3565 quin
1096 3491 1171 3546 sub-

137 3574 257 3631 scribam
287 3574 411 3631 Iacobsii
441 3575 563 3633 llxereit.
597 3575 661 3632 crit
691 3573 731 3630 in
752 3588 809 3669 apt.
841 3574 942 3674 script.
977 3577 1010 3631 T.
1033 3579 1056 3631 I.
1077 3595 1109 3650 p
1128 3579 1181 3642 25,

138 3677 179 3731 sq.
201 3659 376 3731 sententiae,
403 3658 454 3736 qui
485 3681 544 3717 ιιοιι
572 3677 651 3739 κορη
681 3649 748 3719 δ”
730 3681 767 3721 oe
797 3651 891 3734 te’esise.
915 3651 1117 3730 scribendum,
1139 3676 1172 3720 ut

139 3743 233 3800 llerm.
255 3758 368 3816 narrat,
401 3745 453 3802 sed
483 3767 584 3806 tersus
618 3751 691 3808 550.
729 3764 755 3806 1.
784 3747 821 3804 ab
842 3745 1060 3822 interpolatoris
1083 3765 1171 3802 ruanu
1233 3759 1235 3764 ’

136 3829 278 3912 profectos
302 3830 409 3886 docuit.

200 3913 235 3970 l
259 3917 331 3976 554.
362 3898 507 4030 ibydsoeb
513 3913 671 3996 emissos
692 3918 758 3976 ΑΜ.
783 3915 846 3975 rell.
871 3915 928 3970 Gn.
949 3910 1022 3987 Aug.
1041 3935 1067 3972 a.
1090 3917 1119 3974 h.
1146 3937 1170 3974 r.

134 3997 207 4056 Flor.
225 4001 313 4078 6.“9.
320 4019 367 4062 ιο
388 4006 435 4062 18.
452 3994 516 4062 21¹2
533 4005 583 4063 δι.
607 4003 665 4060 Sed
678 3995 810 4083 λαγιιιας
825 3999 898 4057 eod
917 3999 987 4072 Reg.
1002 4000 1064 4058 Soc.
1080 4002 1171 4060 Paris

128 4149 162 4208 A.
190 4151 268 4210 Flor
293 4171 322 4212 2.
346 4171 396 4211 21.
419 4159 469 4217 25
494 4157 544 4217 55.
568 4167 595 4213 et
614 4176 656 4214 sic
677 4155 773 4215 Schol.
798 4153 898 4211 Arsen.
930 4100 1061 4230 inpositi
1079 4155 1172 4216 llam
