2736 4920
206 491 279 560 xtv
518 486 676 557 INDEX
699 487 937 557 CODICUM.

267 645 337 700 Hac.
354 645 403 700 Or.
421 645 523 700 Phoco.
540 660 601 698 cuns
617 642 726 698 scholiis
743 644 838 707 editis,
862 642 911 694 sed
929 643 1096 712 paucioribus
1110 653 1141 698 et
1156 645 1250 714 glossis

267 734 479 788 interlinearibus
510 731 634 799 inscius,
676 733 792 802 denique
817 731 924 785 Pindari
951 733 1060 804 Olymp.
1111 735 1249 788 Bosckhio

267 826 356 880 Praei.
375 825 454 879 Piud.
475 824 511 876 Τ.
528 823 553 879 Ι.
577 841 605 892 p.
623 823 701 876 XXI.
724 831 766 873 cst
787 819 896 872 Vratisl.
913 822 946 876 Β.
978 823 1020 876 Ex
1044 844 1077 879 eo
1100 843 1156 878 var.
1183 826 1247 878 lect.

268 927 296 969 et
313 915 415 968 scholia
431 913 466 966 ad
484 913 587 966 Hecub.
605 928 696 963 versus
716 911 765 980 175
782 909 886 978 priores
908 929 970 966 sse
987 915 1156 982 transscripta
1183 914 1248 966 mihi

269 1007 341 1060 misit
355 1007 404 1057 Fr.
419 1007 547 1068 Pas-rosv,
571 999 605 1056 V·
624 1001 668 1054 cl.

306 1093 476 1148 ABarncsio
497 1109 576 1160 saepe
599 1098 824 1144 commemoretur
845 1087 916 1140 liber
938 1091 1248 1164 Heinsio-Scaligero-

268 1202 330 1239 nus.
363 1185 390 1236 Is
408 1184 501 1248 codex,
517 1178 783 1232 moueutsElmsleio
800 1179 834 1232 sd
850 1180 923 1232 Med.
941 1196 968 1248 p.
986 1183 1030 1251 78.
1051 1194 1109 1236 not.
1126 1201 1163 1249 c,
1179 1183 1248 1236 nihil

268 1274 341 1328 aliud
358 1283 412 1339 est,
436 1289 513 1342 qnam
530 1269 656 1323 editionis
672 1267 846 1322 cauterianac
863 1271 1028 1339 exemplum,
1056 1273 1130 1343 quod
1147 1289 1179 1323 ex
1195 1272 1248 1327 lid.

266 1363 397 1418 Bernardi
415 1362 577 1414 bibliotheca
598 1358 628 1410 in
644 1358 817 1412 Bodleianem
833 1359 993 1420 Academiae
1010 1362 1172 1414 Oxonicnsis
1196 1379 1249 1414 vc-

258 1456 319 1508 .nit.
353 1454 386 1506 Iu
407 1453 491 1520 prims
514 1449 609 1518 pagina
630 1448 757 1517 scriptum
781 1449 905 1502 exbibet:
939 1450 1070 1504 Danielis
1087 1452 1197 1502 Heinsii
1213 1467 1248 1502 es

273 1545 364 1615 legato
384 1544 442 1594 Ios.
467 1538 614 1608 Scaligeri.
649 1536 728 1589 Hand
755 1555 850 1606 paucas
875 1539 1002 1610 Scaligcri
1031 1541 1194 1594 coniecturas
1217 1541 1248 1594 iu

268 1634 385 1700 margine
399 1632 509 1697 scriptas
526 1629 646 1692 exhibet,
677 1645 788 1697 quarum
802 1629 942 1700 plerasque
966 1639 1011 1684 ant
1027 1631 1184 1686 memorarit
1199 1639 1248 1684 aut

267 1725 348 1777 terite
364 1719 501 1788 adoptavit
516 1717 665 1770 Bumesius.

303 1814 336 1864 ln
352 1811 445 1863 cadem
461 1807 530 1860 Bibl.
548 1815 610 1859 suut
634 1803 713 1858 etiam
736 1806 804 1866 aliae
820 1807 948 1876 Scaligcri
966 1811 1133 1863 coniecturae
1150 1810 1177 1862 in
1195 1820 1249 1864 exi

267 1901 356 1972 euplo
372 1900 486 1966 Hervag.
504 1913 558 1950 sec.
573 1897 656 1966 'quod
678 1914 758 1966 supra
780 1898 814 1950 a'd
831 1901 921 1969 Mag.
937 1898 1057 1952 Elmslcii
1080 1901 1167 1956 verbis
1189 1902 1246 1954 de-

264 1991 366 2060 scripsi.
398 1988 449 2039 Eas
472 2005 533 2040 cum
557 1985 618 2039 cod.
638 1988 795 2040 lectionibus
809 1988 939 2055 ,confusas
955 1989 1026 2056 legi,
1057 1991 1095 2044 its
1110 2002 1196 2045 tamon
1214 2001 1246 2042 ut

265 2083 421 2152 plerumque
439 2078 517 2128 facile
534 2077 616 2140 abiis
634 2078 758 2144 distingui
775 2078 893 2146 possint,
921 2079 986 2132 dicit
1001 2079 1095 2132 Elmsl.
1129 2081 1182 2133 vix
1197 2090 1245 2132 te-

263 2186 327 2224 men
349 2170 405 2221 ulla
426 2185 460 2220 cx
486 2184 521 2222 eo
544 2166 617 2220 libro
640 2177 816 2235 memorabar,
849 2185 916 2238 quae
937 2186 993 2222 uon
1015 2169 1045 2222 in
1067 2169 1139 2222 Vict.
1162 2167 1245 2222 etism

268 2266 363 2311 exstet.

300 2347 342 2402 Ιο.
360 2348 493 2405 Miltouus
510 2342 540 2398 iu
557 2345 676 2413 margine
693 2346 811 2416 exempli
824 2346 869 2402 ed.
885 2348 917 2402 Ρ.
934 2347 1027 2416 Stepb.
1047 2348 1245 2402 emendationes

264 2456 325 2495 suas
340 2437 459 2502 nonsit,
480 2436 552 2488 nndc
567 2436 596 2488 in
611 2435 757 2502 marginem
773 2436 817 2489 ed.
830 2436 962 2492 Brubocb.
980 2438 1156 2506 transscripsit
1171 2439 1247 2490 Por-¹

263 2545 356 2583 sonus.
389 2530 412 2582 E
430 2527 611 2596 Stcpbsniana
627 2524 736 2578 Mittunt
753 2526 951 2580 emendationes
967 2525 1106 2596 aliquoties
1120 2543 1244 2579 commc-

264 2620 377 2672 moresu't
388 2618 496 2671 Barnea.
514 2617 642 2687 planeque
659 2625 745 2668 autem
758 2625 804 2668 sut
820 2620 931 2670 omuino
948 2618 1068 2682 silentur,
1085 2627 1138 2684 aut,
1156 2617 1244 2672 celato

262 2708 321 2760 cius
341 2708 465 2770 nominc,
493 2725 543 2776 pro
564 2725 619 2763 sar.
635 2706 698 2758 lect.
714 2706 870 2760 afferuntur.
905 2707 1006 2760 Omnes
1023 2708 1109 2762 editae
1126 2715 1188 2760 suut
1211 2707 1244 2758 iu

263 2795 352 2850 Musei
366 2795 425 2848 crit.
442 2795 565 2848 cantabr.
588 2813 616 2846 n.
634 2796 661 2848 5.
684 2813 712 2863 p·
731 2796 792 2850 285.

295 2885 336 2936 Η.
347 2883 481 2954 Stephani
495 2883 690 2936 annotationes
708 2885 738 2934 in
753 2883 912 2954 Sophoclem
930 2895 958 2940 et
971 2885 1140 2957 Euripidem.
1157 2883 1244 2948 Paris,-

262 2973 338 3026 1568.
355 2975 382 3026 8.
406 2975 494 3028 varin
515 2973 646 3028 lectiones
667 2974 702 3026 sd
714 2972 833 3028 Rhesum
855 2987 884 3028 ct
905 2977 1019 3048 reliquas
1035 2987 1180 3045 postremas
1198 2976 1244 3026 la-

261 3063 336 3116 bulss
359 3083 375 3116 e
400 3063 504 3116 duobus
527 3061 609 3116 codd.
632 3063 733 3115 Italicis
756 3076 875 3118 enotatas
901 3068 1047 3122 continent.
1067 3067 1138 3125 ,Hos
1160 3065 1245 3118 codd*

262 3170 310 3206 cos
332 3171 404 3220 csse,
437 3170 504 3222 quos
531 3152 647 3206 Bandiui
670 3164 800 3210 memoret
823 3154 908 3208 Cetal·
931 3155 1002 3208 Eibl.
1026 3155 1127 3209 Medic.
1150 3155 1184 3207 T.
1201 3154 1242 3207 11.

260 3259 289 3311 p.
308 3244 349 3310 74.
367 3253 395 3296 et
411 3243 449 3295 ib.
468 3261 495 3310 p.
515 3243 573 3295 124.
590 3241 646 3310 (qni
663 3243 730 3296 mihi
746 3255 808 3297 snut
827 3263 852 3298 ι.
870 3255 898 3298 et
914 3245 954 3314 2.)
969 3245 1119 3317 auspicatur
1137 3243 1243 3296 Censor

262 3331 307 3383 ed.
323 3332 459 3386 Heracliti.
474 3331 650 3388 Elmslcicuac
665 3333 695 3386 iu
713 3332 824 3387 Classic.
836 3337 933 3404 journ.
951 3349 979 3387 n.
1001 3338 1042 3389 14.
1063 3354 1090 3406 p.
1106 3335 1167 3390 300.
1191 3333 1242 3387 scd

215 3421 221 3446 ⁴
260 3420 356 3474 iniuria
361 3439 371 3484 ς
394 3437 514 3476 meorum
531 3431 605 3476 ccrts
620 3423 712 3476 nullus
731 3441 791 3477 cum
807 3423 839 3477 iis
857 3426 936 3478 codd.
952 3428 1095 3496 conspiret.

294 3511 348 3568 Tb.
365 3513 511 3584 Tyrwbitti
532 3523 612 3568 notre
634 3513 713 3568 MSS.
734 3515 765 3568 in
786 3515 880 3585 Eurip.
905 3527 1072 3570 ”serrantur
1092 3516 1123 3570 in
1142 3515 1240 3570 Museo

258 3599 429 3672 Britannico,
467 3604 578 3660 Stanleii
600 3605 630 3658 in
653 3602 719 3660 tiu.
743 3604 866 3660 Univers.
889 3605 1015 3662 cantabr.
1060 3605 1125 3660 Vid.
1149 3603 1240 3660 class.

255 3694 351 3761 journ.
373 3709 402 3748 n·
421 3695 463 3750 sl.
486 3713 515 3767 p·
531 3711 595 3768 ²99·
