2736 4920
270 564 373 626 XVIII
553 557 711 627 INDEX
736 553 1032 626 EDITIONUM.

341 715 505 782 aliquantum
533 730 562 766 se
585 715 713 786 adiutum¹
727 727 784 762 esso
814 710 843 762 in
868 709 1068 776 Prolegomenis
1094 709 1208 776 fatetur,
1243 710 1327 765 multe

344 803 425 856 etiam
447 803 476 855 iu
500 777 571 856 nolu
589 804 742 856 emendasse
765 798 799 852 ad
817 799 914 851 calcem
931 799 1059 850 editionis
1076 799 1215 872 subiectis;
1249 799 1327 868 plura

342 903 432 946 tamen
456 895 626 958 correxisset,
658 893 680 944 si
705 889 747 942 eti.
769 889 888 941 Aldinem
905 887 1075 956 inspexisset3
1110 889 1193 958 lyrica
1211 889 1246 940 ud
1263 888 1326 940 lle-

340 982 505 1051 phaestionis
535 991 675 1050 praecepte
706 979 804 1032 rectius
835 993 914 1048 saepe
939 969 1055 1046 digessit.
1096 975 1182 1028 Notae
1207 977 1328 1028 numeris

343 1081 450 1122 notatae
469 1079 546 1136 sunt,
579 1087 646 1139 quae
669 1066 786 1120 numeris
809 1066 838 1118 in
855 1067 973 1134 margine
995 1074 1082 1117 textus
1100 1063 1191 1131 positis
1209 1081 1327 1132 respou-

347 1157 422 1212 dent.
456 1145 627 1212 Non'tamen
653 1159 689 1210 its
714 1157 747 1210 tle
766 1157 831 1209 Eur.
854 1155 921 1208 mihi
942 1153 1049 1224 quidem
1071 1154 1198 1204 meruisse
1220 1154 1329 1206 videtur

345 1247 470 1311 Gentem,
493 1256 523 1299 ut
542 1263 638 1300 novam
655 1247 803 1298 editionum
822 1244 932 1296 classem
957 1242 1056 1294 ducere
1079 1259 1138 1295 cum
1155 1243 1280 1296 Harlesio
1296 1243 1328 1296 in

342 1338 445 1390 Febris.
461 1335 529 1391 Bibl.
548 1353 586 1404 gr.
604 1337 639 1387 Τ.
656 1335 689 1387 11.
711 1351 738 1402 p.
755 1333 816 1385 261.
834 1331 887 1392 diei
907 1333 1001 1400 possit.

278 1426 355 1498 1597.
372 1422 534 1495 Εὐριπίδης.
568 1423 711 1494 Euripidis
727 1419 887 1491 tragoediae
904 1423 981 1475 XIX.
1005 1420 1121 1488 Accedit
1139 1438 1212 1474 nune
1231 1437 1327 1474 recens

345 1517 510 1586 vigesimae,
528 1511 574 1564 aui
589 1516 691 1565 Danae
712 1532 817 1580 nomen,
836 1513 960 1578 initium,
979 1528 994 1562 e
1010 1512 1125 1563 vetustis
1141 1507 1215 1563 uiti.
1234 1509 1331 1563 Pela-

345 1604 423 1657 tinae
441 1600 617 1668 membranis,
643 1605 745 1656 Graece
763 1604 877 1654 iunctim
894 1609 922 1655 et
938 1599 1051 1654 Latine.
1084 1600 1218 1652 Latinam
1236 1598 1330 1651 inter-

341 1691 527 1768 pretationem
550 1695 591 1744 aa.
617 1689 754 1744 Aemines
775 1693 893 1753 eonas,
928 1691 960 1743 r.
984 1694 1018 1742 1³.
1044 1693 1073 1743 o.
1097 1692 1131 1741 r.
1153 1675 1260 1758 pesam
1284 1688 1330 1741 na

346 1783 466 1839 correxit
482 1789 510 1832 et
528 1776 669 1849 expolivit,
688 1789 719 1833 ut
736 1797 808 1832 nava
819 1779 909 1850 forie,
927 1779 1068 1851 nitidoque
1085 1777 1162 1831 cuitu
1177 1794 1249 1828 nurse
1261 1777 1330 1846 pri-

348 1889 421 1925 mum
438 1872 468 1922 irs
488 1868 574 1922 lucem
587 1869 715 1938 prodeat.
752 1868 909 1922 carminum
925 1870 1000 1920 ratio
1014 1888 1047 1920 ex
1066 1867 1129 1922 Gui.
1148 1871 1262 1922 Contere
1280 1867 1331 1919 di-

343 1961 463 2034 iigenter
480 1957 633 2025 obseruata,
650 1959 757 2011 additis
774 1960 894 2012 eiusdem
912 1961 940 2010 in
958 1968 1045 2012 totum
1061 1957 1219 2028 Euripidem
1234 1959 1330 2011 Notis.

346 2033 558 2118 Heidelbergae,
584 2047 658 2115 typis
675 2051 788 2100 Hieron.
808 2048 975 2101 Commelini.
999 2049 1025 2102 ll
1044 2049 1118 2102 Voll.
1144 2048 1171 2100 8.

416 2139 517 2191 Textus
534 2146 573 2187 est
591 2136 712 2203 canteri,
743 2139 796 2190 nisi
820 2139 892 2208 quod
916 2139 1011 2191 menda
1033 2137 1179 2203 nonnulla,
1207 2153 1273 2207 quae
1291 2153 1329 2189 ex

324 2283 327 2291 ¹
345 2225 462 2294 Herusg.
480 2227 508 2276 iu
526 2224 634 2276 canter.
649 2225 790 2292 fluxerant,
819 2228 921 2278 sublata
938 2237 1013 2294 suut,
1040 2238 1070 2279 ut
1088 2229 1155 2281 Hac.
1174 2230 1235 2297 459.
1251 2239 1329 2280 recte

346 2317 427 2370 habet
443 2311 539 2379 ἅνεσχε
557 2331 606 2380 pro
625 2309 734 2382 it'vsaas,
756 2319 844 2369 Orest.
863 2317 939 2368 1034.
957 2311 1007 2370 oin
1023 2317 1134 2378 delevit,
1157 2327 1263 2369 serrato
1281 2328 1328 2371 ta-

279 2421 283 2428 '
345 2423 407 2460 meu
425 2397 622 2471 nmtsipova'.
665 2402 696 2454 In
720 2423 774 2474 quo
800 2405 910 2468 mirum,
938 2401 1080 2456 Aemilium
1098 2407 1223 2472 Portum,
1253 2407 1330 2459 cuius

344 2495 458 2564 epistola
475 2491 637 2544 dedicatoria
660 2492 694 2544 ad
711 2494 761 2547 Ge.
779 2495 849 2546 Lud.
868 2495 900 2546 ab
917 2493 1021 2546 llutten
1046 2496 1144 2564 scripte
1161 2497 1329 2550 Heidelber-

341 2605 390 2658 goe
408 2585 466 2638 cat.
486 2581 635 2648 septembr.
656 2583 731 2650 1597.
750 2583 861 2635 editioni
879 2583 993 2652 praefixa
1009 2593 1055 2650 est,
1072 2584 1099 2635 in
1118 2587 1190 2638 notis
1210 2587 1327 2641 editioni

276 2689 280 2700 ·
341 2672 466 2725 subiectis
491 2672 602 2723 vitiosas
625 2672 685 2724 illas
706 2672 837 2726 lectiones
861 2673 994 2742 explicare
1016 2674 1115 2728 conari.
1149 2675 1181 2726 In
1199 2677 1249 2730 hac
1267 2679 1329 2745 pri-

341 2779 415 2814 mum
432 2759 548 2811 aditione
564 2762 667 2812 numeri
689 2777 812 2813 versuum
831 2763 860 2814 in
877 2765 995 2831 margins
1013 2764 1109 2831 appicti
1127 2774 1204 2830 sunt,
1224 2767 1326 2819 iidem·

339 2867 393 2922 que
409 2848 481 2899 notis
499 2848 607 2899 Canteri
622 2849 741 2913 praefixi.
778 2850 870 2902 Codex
886 2851 1034 2917 Palatinus,
1059 2869 1147 2924 equo
1165 2856 1265 2908 editum
1284 2866 1327 2910 est

342 2941 447 2992 Danaes
464 2935 571 3002 fragm„
589 2946 629 2986 est
643 2938 724 2989 Rom.
744 2937 776 2991 C.
799 2939 865 2991 vid.
877 2937 971 2992 Elmsl.
991 2942 1047 2992 iud.
1066 2937 1146 2995 codd.
1164 2961 1190 3013 p.
1209 2943 1235 2996 6.
1268 2942 1326 2996 Ιη-

340 3025 495 3093 terpretatio
519 3025 601 3076 latina
626 3034 665 3076 est
688 3026 818 3079 Dorothei
843 3027 963 3094 Camilli,
995 3031 1110 3082 aposto
1134 3045 1255 3086 correcta
1280 3037 1326 3088 vel

338 3115 493 3188 immutata,
525 3131 582 3166 non
605 3113 635 3167 C.
662 3114 783 3180 Stiblini,
816 3127 846 3166 ut
866 3119 959 3170 scribit
976 3120 1069 3172 Elmsl.
1095 3121 1122 3172 in
1140 3125 1241 3193 Quart.
1265 3143 1325 3176 reu.

311 3221 314 3226 ’
340 3207 482 3261 1812.'nr.
503 3206 543 3256 14.
565 3221 593 3272 p·
613 3205 674 3257 455.
705 3206 780 3256 dem.
798 3206 872 3257 Porti
890 3219 969 3260 notas
987 3210 1016 3261 in
1032 3227 1092 3262 meo
1111 3214 1236 3280 exemplo
1253 3216 1322 3265 sub-

335 3294 421 3346 iectae
438 3311 494 3345 non
514 3311 591 3345 suum
608 3294 714 3346 titulum
734 3293 847 3362 habent,
872 3298 919 3348 sed
936 3299 1044 3365 paginus
1058 3309 1088 3349 -et
1106 3299 1170 3350 folia
1189 3301 1222 3350 sb
1240 3300 1321 3352 initio

259 3437 263 3444 ,
332 3393 477 3436 numerata.
511 3385 567 3434 Hos
587 3384 701 3451 primum
718 3383 849 3451 prodiisse
868 3403 900 3436 ex
917 3387 985 3438 offic.
1005 3387 1133 3443 Commel.
1154 3391 1231 3458 1599.
1247 3391 1322 3443 scri-

334 3474 376 3526 ut
393 3471 499 3526 umes.
516 3473 548 3524 aa
567 3473 672 3525 sesne.
689 3473 759 3526 usu.
778 3491 816 3541 gr.
834 3473 870 3527 Τ.
886 3474 923 3527 11.
947 3494 975 3547 p.
992 3479 1053 3530 261.
1074 3495 1153 3546 quam
1170 3479 1318 3533 sunonem
1340 3457 1341 3472 ¹

334 3562 459 3632 equidem
477 3579 531 3614 non
551 3561 617 3616 vidi.

265 3673 345 3727 ²602.
368 3669 520 3744 Edpm'dov
543 3669 702 3744 τραγῳδιῶν
728 3667 780 3726 siaa
804 3669 946 3737 σώζονται.
988 3675 1131 3746 Euripidis
1154 3678 1318 3749 tragoediae

270 3757 273 3762 ’
333 3780 403 3835 quae
438 3772 558 3814 exstant.
598 3765 676 3816 ¹(ium
708 3760 800 3814 latina
830 3763 906 3817 Guil.
937 3765 1049 3816 Canteri
1077 3767 1317 3835 interpretatione.

284 3879 287 3882 ·
329 3848 433 3921 Σχόλια
457 3850 514 3904 τῶν
536 3846 609 3905 πάνυ
628 3848 747 3918 δοκίμων
769 3848 806 3907 sit
825 3852 896 3906 irrui
918 3851 1069 3924 τραγῳδίας
1092 3853 1142 3908 τοῦ
1158 3850 1315 3925 Εὐριπίδου

330 3939 492 4014 συλλεγέντα
508 3969 542 3980 -
559 3968 594 3982 -
617 3937 724 3992 scholia
745 3939 883 3992 doctorum
906 3945 1024 3996 virorum
1048 3946 1078 3994 in
1094 3954 1198 4013 septem·
1214 3935 1334 4016 Burips

329 4032 503 4100 tragoedias,
527 4047 568 4079 'ex
588 4029 713 4098 antiquis
735 4028 935 4100 exemplaribus
957 4031 993 4084 ab
1009 4033 1127 4086 Arsenio
1145 4034 1315 4087 Monernba-

323 4120 384 4170 siae
402 4119 602 4188 archiepiscopo
620 4119 745 4170 collecta.
779 4121 887 4174 Access.
906 4121 1002 4174 doctae
1018 4127 1060 4174 10.
1077 4126 1211 4187 Bradaei,
1231 4128 1313 4178 Gaii.
