2736 4920
153 556 158 568 ,
209 467 211 477 '
248 508 306 569 xx
534 501 691 612 Juuux
711 500 1008 572 curuantur.

322 659 389 726 dea,
420 677 540 732 quasque
563 657 659 730 magni
683 656 859 709 redemissent
882 655 1027 728 Euripidis
1049 659 1182 727 studiosi,
1213 661 1302 731 iuquit

323 747 418 801 valet.
435 750 522 804 Praei.
541 749 645 802 Phoen.
670 766 697 818 p.
715 747 763 798 IX.
797 744 898 798 Versio
918 757 958 797 est
974 747 1049 801 Aem.
1068 751 1156 816 Porti,
1183 751 1227 802 hic
1244 752 1302 804 illia

320 839 417 891 leviter
432 840 523 893 relicte
540 837 670 907 imprimis
688 855 703 890 e
721 833 854 890 Dorothei
871 835 978 887 Camilli
995 837 1222 907 interpretatione.

253 927 331 998 2755.
356 925 424 1000 Erip.
448 931 601 983 Φοίνισσαι.
637 929 704 981 Eur.
721 925 865 996 tragoedia
883 925 1057 980 Phoenissae.
1089 929 1305 998 interpretatio-

322 1036 383 1070 nem
400 1017 511 1071 addidit
526 1021 565 1071 H.
584 1016 690 1074 Gratiis
721 1017 827 1066 Graeca
846 1015 996 1085 castigavit
1020 1021 1154 1080 cMSS.‚·
1185 1017 1303 1084 scholia,

319 1109 427 1178 partim
445 1125 518 1160 nunc
530 1109 653 1177 primum
670 1101 816 1174 evulgata,
833 1100 948 1156 subiecit
963 1108 1069 1159 Ludou.
1085 1111 1164 1179 Gasp.
1183 1105 1305 1162 Valcke-

321 1214 398 1250 nacr.
431 1200 631 1266 Franequerue.
659 1199 685 1248 4.

356 1286 579 1341 Praestantissima
601 1286 651 1338 hac
674 1283 793 1335 editione
809 1281 904 1337 Velck.
924 1293 995 1339 recte
1018 1287 1070 1340 dici
1097 1257 1186 1357 potest
1204 1289 1291 1358 prim
1276 1306 1307 1340 rs

217 1387 219 1398 '
323 1377 428 1445 siguum
444 1376 579 1430 sustulisse
596 1376 630 1428 ad
646 1373 816 1443 Euripidem,
834 1358 944 1426 omniuo
962 1374 1106 1445 Tragicos,
1122 1387 1194 1432 recte
1209 1395 1308 1434 emem-

323 1465 428 1519 dandos
446 1477 474 1519 et
492 1465 714 1534 interpretandos.
756 1494 758 1496 ·

254 1554 334 1626 1763.
358 1553 428 1623 Erip·
446 1550 581 1610 ‘retribue
616 1557 684 1612 Eur.
708 1551 807 1634 &ama
829 1549 971 1623 Supplices
995 1552 1141 1620 mulieres,¹
1166 1555 1205 1605 ad
1220 1503 1307 1608 Codd.

180 1651 181 1656 ’
223 1710 227 1714 .
324 1645 603 1710 etennensium,
635 1653 663 1696 et
679 1627 801 1696 versione
818 1651 953 1706 carrecta,
983 1643 1056 1694 notis
1073 1641 1241 1708 uberioribus
1264 1644 1308 1696 il-

323 1731 483 1785 iustrutum.
517 1733 632 1786 Accedit
649 1734 683 1785 de
702 1736 866 1786 Graecorum
889 1730 986 1802 quinta
1006 1731 1221 1786 declinatione
1210 1751 1309 1804 rrnpu-

324 1820 495 1890 risyllabica,
515 1833 541 1875 et
558 1823 623 1876 inde
635 1821 765 1894 formata
777 1823 942 1892 Latinorum
960 1822 1051 1888 tertia,
1069 1825 1192 1894 quaestio
1206 1843 1309 1894 gram.

322 1911 438 1964 metica.
491 1916 556 1968 Cum
584 1913 768 1986 explicatione
798 1910 918 1963 locurum
947 1910 1055 1983 aliquot
1083 1931 1116 1964 es
1149 1914 1309 1967 auctoribus

271 2005 274 2012 '
322 2001 437 2054 Graecis
457 2013 484 2053 et
500 2003 622 2056 Latinis.
654 2002 773 2056 Loudiu.
803 2002 835 2056 4.

358 2091 451 2143 Editio
469 2093 520 2144 les.
539 2090 703 2158 Marklandi,
734 2093 815 2158 longe
832 2090 939 2160 quidem
956 2090 1066 2144 inferior
1083 2091 1310 2145 Valckeuseriaua

319 2177 541 2246 Phoenisserum,
577 2184 624 2234 sed
655 2194 742 2234 tamen
768 2183 836 2232 inter
868 2183 1103 2247 praestantissimas
1132 2182 1309 2235 numeranda.

324 2262 451 2334 Repetite
466 2280 508 2321 est
525 2268 612 2322 Laud.
633 2273 708 2339 ¹775·
725 2271 751 2322 8.
769 2269 839 2322 uotis
857 2269 940 2321 textui
958 2271 1084 2324 subiectis
1102 2282 1129 2323 ct
1145 2271 1311 2324 omissum-

321 2357 470 2426 plicatione
488 2368 557 2408 auct.
576 2357 625 2412 Gr.
642 2368 670 2412 et
685 2359 745 2410 Lat.
781 2358 824 2411 Ci.
842 2357 875 2408 ad
893 2375 954 2409 anu.
975 2361 1050 2414 1811.

255 2444 332 2516 1768·
350 2442 416 2515 Elio.
433 2441 612 2503 ‘Inuitum
642 2451 708 2503 Eur.
725 2447 871 2517 tragoedia
886 2447 1070 2518 Hippolytus,
1088 2468 1185 2521 quam,
1202 2451 1311 2502 Latino

321 2536 443 2589 carmine
460 2553 619 2589 conversum
637 2528 658 2591 'a
678 2537 795 2607 Georgia
811 2535 973 2602 Ratallera,
1009 2537 1237 2592 adnotationibus
1263 2541 1311 2591 in-

320 2627 424 2678 struxit
445 2625 518 2679 Lud.
545 2629 624 2698 Casp.
644 2625 822 2682 Valckenaer.
853 2627 945 2696 Lugd.
961 2630 1027 2681 But.
1054 2631 1080 2682 4.
1116 2629 1245 2682 Subiecta
1270 2639 1312 2682 est

321 2715 394 2769 Lud-
415 2717 496 2784 Oasp.
518 2715 686 2770 Valckenari
703 2717 821 2769 diatriba
841 2714 870 2767 in
888 2717 984 2786 Eurip.
999 2720 1171 2788 perditarum
1189 2719 1310 2770 drama-

322 2811 382 2853 tum
398 2800 541 2871 reliquias.
576 2807 664 2874 Lugd.
680 2807 713 2858 B.
734 2807 808 2873 1767.

254 2905 333 2962 1771.
350 2893 418 2943 Eur.
437 2891 581 2959 dramata,
606 2895 753 2964 Iphigenia
770 2896 800 2945 in
816 2893 920 2952 Aulide
938 2904 965 2946 et
981 2894 1130 2966 Iphigenia
1147 2896 1178 2947 in
1196 2897 1310 2950 Tauris.

321 2981 370 3036 Ad
385 2979 461 3032 codd.
481 2993 579 3036 msstos
603 2983 737 3035 recensuit
760 2991 789 3036 et
814 2983 926 3036 notulas
950 2986 1052 3039 arb'seit
1068 2990 1124 3040 ler.
1142 2985 1311 3040 Markland.

322 3069 442 3124 Londin.
470 3073 498 3128 8.
538 3103 543 3111 ι
907 3117 910 3123 .

359 3160 463 3212 Recusa
481 3169 521 3213 est
537 3161 628 3214 Loud.
649 3161 723 3232 1783.
740 3162 768 3219 8.
785 3172 814 3215 et
830 3161 935 3216 vitiose.
972 3164 1014 3216 Ci.
1030 3163 1062 3215 ad
1080 3178 1140 3216 anu.
1162 3164 1240 3216 1811.

256 3268 334 3341 1778.
351 3263 500 3338 Eripuridoo
518 3266 555 3326 rai
572 3267 720 3341 σωζόμενα.
744 3275 886 3344 Euripidis
903 3288 972 3344 quae
987 3283 1085 3325 estant
1101 3275 1203 3326 amnia.
1233 3279 1318 3330 Tra-

321 3360 436 3430 gordias
467 3362 626 3434 superstites
655 3363 694 3414 ad
718 3362 807 3432 fldem
835 3365 907 3418 Vsu.
931 3363 1002 3416 Edu.
1028 3365 1110 3416 Oorld.
1137 3367 1217 3418 MSS.
1249 3385 1316 3418 cum

321 3447 448 3512 aliorum,
468 3459 526 3502 tum
539 3451 688 3522 praecipue
704 3451 890 3506 Bibliothecae
907 3454 1012 3524 Regiae
1025 3454 1195 3506 Parisiensis
1213 3473 1317 3508 recen-

321 3541 393 3596 cuit:
416 3539 582 3610 fragmenta
600 3544 819 3612 *Tragoediarum
836 3543 1039 3611 deperditarum
1056 3541 1184 3613 collegit:
1215 3549 1317 3598 uarias

321 3627 451 3682 lectiones
469 3625 633 3700 insigniores
655 3617 787 3702 notasque
802 3641 952 3703 perpetuas
973 3631 1103 3684 subiecit:
1135 3635 1316 3703 interpreta-

248 3725 250 3734 '
321 3717 424 3774 tionem
442 3718 575 3774 Latinam
597 3722 745 3774 seeundum
761 3720 973 3793 probatissimas
991 3720 1120 3774 lectiones
1143 3721 1316 3793 reformavit

321 3810 397 3867 Sam.
415 3809 578 3878 Musgrave‚
603 3815 646 3869 M.
662 3815 701 3867 D.
742 3814 885 3868 Accedunt
902 3810 1015 3864 Scholia
1028 3830 1130 3884 graeca
1156 3815 1314 3885 inceptem

318 3898 426 3968 priores
443 3898 603 3968 tragoedias
619 3919 653 3954 es
667 3902 777 3972 optimis
794 3910 822 3954 et
839 3899 1062 3971 locupletissimis
1077 3901 1246 3956 editionibus
1264 3923 1318 3958 re·

323 4003 398 4040 cusa.
432 3989 533 4040 oxonii
549 4007 565 4040 e
581 3992 767 4060 typograplreo
786 3989 1016 4046 clarendoniam.
1050 3991 1091 4046 lv
1107 3991 1185 4044 volt.
1212 3995 1240 4049 4.

353 4075 499 4145 Splendida
516 4078 614 4150 editio,
632 4081 679 4134 sed
695 4081 798 4138 mendis
815 4082 1013 4151 typographicis*
1029 4081 1146 4137 nimium
1161 4083 1321 4154 inquinata.
