2738 4918
251 543 294 612 86
500 534 667 608 NOTAE
696 535 750 603 IN
775 529 1018 602 HECUBAM.

316 703 355 760 V.
379 687 556 780 76171115.
578 694 656 754 Flor.
678 688 730 754 25.
751 685 854 773 ysitus.

317 822 355 880 V.
379 821 451 898 769.
474 813 573 896 λέγοις·
587 813 654 872 Ald.
677 812 740 872 rell.
760 810 837 873 Flos.
859 828 889 868 2·
915 827 963 871 to·
985 801 1083 890 idytse
1111 809 1222 884 Mosqu.
1245 805 1281 866 A.

253 913 286 971 B.
309 909 401 965 (1.1).
428 899 472 982 (in
498 902 534 958 A.
565 919 702 978 superscr.
730 893 832 978 εἴπῃς)
861 895 934 969 Aug.
963 914 988 950 n.
1010 895 1040 950 b.
1063 915 1088 950 c.
1118 893 1176 949 Gu.
1205 892 1284 956 Flor.

257 997 288 1056 6.
312 1013 341 1071 9.
367 1009 414 1060 17.
439 989 488 1048 18.
510 1003 563 1046 21.
584 975 649 1044 21⁵.
672 987 723 1045 25.
748 987 799 1045 55.
823 983 874 1042 54.
897 982 989 1037 Hevn.
1013 972 1057 1062 (in
1079 999 1136 1054 quo
1157 997 1283 1057 superse.

254 1099 314 1138 var.
334 1076 354 1134 l.
377 1065 490 1153 λε’γηςο)
513 1068 592 1146 quod
613 1082 706 1127 ortum
726 1089 787 1125 esse
802 1067 916 1125 videtur
930 1066 966 1122 nb
984 1085 1033 1135 eo,
1054 1065 1103 1140 qni
1116 1073 1182 1141 post
1196 1083 1286 1142 prse-

255 1184 321 1223 sens
349 1139 496 1217 indicitivi
527 1155 614 1212 aliurn
643 1153 829 1211 indicativum
851 1151 932 1228 sequi
954 1151 1060 1208 debere
1087 1147 1285 1208 arbitrabatur.

255 1251 340 1306 Certe
360 1245 409 1302 vix
428 1241 577 1322 probabile
593 1237 689 1322 λέγεις
710 1261 726 1296 a
743 1237 860 1296 librario
877 1249 1014 1294 mutatum
1032 1235 1061 1291 in
1074 1233 1180 1315 λέγοις.
1198 1235 1288 1312 Opti.

255 1354 302 1392 me
323 1331 451 1388 Erfurdt.
483 1327 519 1384 ad
550 1327 639 1406 Soph.
669 1326 744 1384 Oed.
775 1326 844 1402 Tyr.
873 1323 945 1384 664.
968 1323 1014 1379 ed.
1037 1320 1124 1377 min:
1156 1319 1286 1399 Optativi

255 1409 426 1496 1111ςᾶ17111
454 1413 525 1471 hoec
553 1412 675 1484 111111,
705 1423 737 1468 ut
762 1429 809 1466 res
839 1406 1018 1478 enuncietur,
1050 1420 1185 1482 tanquam
1214 1424 1288 1482 quse

135 1533 137 1542 v
257 1503 374 1576 cogitari
405 1499 523 1577 quidem
553 1498 660 1577 possit,
699 1495 751 1554 scd
781 1492 939 1572 exspectari
975 1513 1033 1550 nnn
1069 1491 1181 1550 debeat.
1239 1491 1286 1549 Ci.

258 1590 387 1648 Gramm.
416 1605 457 1661 gr.
486 1580 514 1664 §.
537 1585 608 1646 524.
630 1586 660 1644 3.
706 1580 754 1640 Ad
780 1578 947 1638 sententiam
970 1576 1091 1636 Brunck.
1121 1577 1179 1634 iam
1206 1597 1289 1636 com-

258 1673 369 1754 paravit
389 1675 503 1730 Terent.
525 1668 651 1746 Adelph.
665 1667 736 1740 *IV‚
760 1686 789 1740 7.
836 1668 953 1723 Porson.
984 1661 1057 1721 illud
1085 1662 1212 1722 Trabent
1240 1683 1286 1744 ep.

258 1760 349 1818 Cicer.
372 1761 456 1816 Tusc.
479 1755 555 1833 disp.
578 1755 638 1825 IV,
659 1757 710 1815 31·
733 1745 928 1813 Fortunam
940 1745 1053 1833 ipsam
1065 1741 1199 1812 anteibo
1205 1742 1288 1828 jor-

258 1838 354 1908 mnis
380 1839 474 1903 meis.
522 1840 689 1902 Boissonad.
723 1837 815 1898 Plout.
844 1835 925 1894 Asin.
957 1837 1001 1905 Π,
1022 1854 1057 1905 2,
1081 1852 1108 1891 1.
1137 1825 1205 1895 Ubi
1227 1855 1242 1891 1
1268 1853 1288 1894 ο

256 1949 346 1994 nunc
365 1921 540 1990 Libanum
557 1921 732 2006 requiram
754 1910 829 1986 ant*
828 1914 1048 2005 familiarem
1059 1909 1203 2000 filium,
1261 1914 1291 1983 tt'

256 2032 319 2100 ego
332 2010 411 2076 illos
425 2005 630 2074 lubentiores
634 2006 791 2094 faciam,
814 2024 920 2092 quam
933 1999 1108 2068 Lubentia
1125 2007 1177 2066 ἐι.

322 2131 360 2188 V.
385 2147 455 2208 771.
477 2128 527 2190 sse’
544 2124 600 2204 piu
620 2126 698 2184 Flor.
721 2131 773 2189 33·
794 2129 868 2202 Aug.
890 2143 965 2183 1.-
978 2119 1061 2184 donni
1079 2121 1194 2184 παθεῖν
1210 2123 1288 2183 Flor.

263 2235 312 2276 ιο.
331 2216 403 2287 Aug.
421 2204 584 2273 s.-d'cm.
604 2216 699 2284 Quem
720 2211 843 2269 institnit
864 2203 924 2271 soti
942 2199 1032 2270 dolon
1054 2221 1082 2267 et
1097 2206 1157 2270 rosi
1170 2211 1292 2272 δικαίου

261 2299 471 2358 distinctionem
494 2297 685 2366 Scholiasta,
718 2315 829 2354 sumere
849 2296 944 2376 potuit
972 2315 1007 2352 ex
1026 2294 1153 2354 Platonis
1174 2296 1292 2375 Euthy-

254 2357 374 2468 xphsnne
395 2380 423 2464 §.
451 2385 499 2444 13.
523 2395 551 2440 ct
576 2383 623 2440 14.
645 2381 740 2438 Fisch.
767 2386 910 2439 Borssort.

321 2501 359 2560 V.
384 2519 455 2581 772·
478 2491 517 2564 oti
539 2519 600 2578 μου
621 2493 715 2579 71νοῦ
734 2481 811 2557 Flos.
831 2517 883 2558 21.
907 2517 942 2554 ex
962 2497 1075 2556 emend.

328 2605 366 2665 V.
390 2606 462 2684 774.
489 2592 567 2674 τούς
592 2613 657 2658 ante
686 2594 744 2681 γῆς
771 2621 828 2659 orn.
851 2602 962 2676 Mosqu.
992 2602 1025 2658 B.
1048 2601 1082 2658 C.
1104 2604 1161 2662 Pro
1177 2623 1214 2664 co
1237 2599 1297 2680 τῆς

186 2695 193 2704 ”
262 2689 336 2768 Aug.
358 2691 387 2746 b.
409 2710 435 2752 c.
456 2687 535 2746 Flor.
556 2689 606 2749 54.
627 2680 684 2760 τῆς
706 2699 735 2744 11
756 2707 895 2768 superscr.
912 2707 950 2744 m.
972 2705 1029 2744 sec.
1050 2679 1126 2759 cotie
1146 2689 1221 2748 Flos.
1239 2695 1292 2754 55.

144 2843 147 2859 ι
262 2805 305 2826 ·-
327 2771 455 2854 ἔνερθεν
475 2775 590 2848 Mosqu.
612 2775 649 2829 D.
671 2803 715 2816 -
735 2763 810 2842 eoric
830 2767 955 2834 ivnon
977 2773 1048 2848 Aug.
1071 2789 1096 2834 1.

328 2891 368 2948 V.
393 2889 464 2968 776.
484 2877 632 2957 πολλάκις
652 2906 709 2944 om.
733 2888 843 2963 iilosqu.
865 2887 902 2950 A.

328 2992 366 3053 V.
390 3005 461 3069 777.
489 2991 708 3064 Η1111111111111
729 2987 815 3046 seriis
838 2989 931 3048 modis
953 2991 1104 3050 emendare
1124 2991 1300 3058 studuerunt

266 3079 399 3140 editores.
442 3074 568 3132 Primum
597 3078 704 3148 Musgr.
737 3094 791 3132 em.
814 3065 895 3148 §iveti
922 3065 961 3150 τ’,
981 3073 1071 3138 dona
1097 3071 1299 3159 hospitalia,

265 3163 344 3241 quod
371 3150 533 3240 11611χῶ1
554 3162 658 3230 refert,
673 3159 793 3218 Beckius
814 3158 1026 3222 distinctionem
1046 3176 1112 3242 pest
1132 3161 1200 3244 ἐμοὶ
1221 3165 1300 3226 sub—

264 3249 352 3333 latam
382 3257 445 3326 post
471 3245 571 3317 §trice
599 3244 691 3326 ponit.
740 3246 902 3323 Utrumque
929 3248 1064 3324 frigidum
1090 3269 1140 3306 nec
1162 3270 1302 3308 necessa·

265 3333 359 3404 rium,
389 3352 441 3388 nec
471 3331 583 3406 ettingit
613 3331 707 3408 ipsam
737 3329 953 3410 difficultatem,
984 3355 1057 3412 quae
1086 3348 1127 3393 est
1149 3335 1178 3392 in
1199 3337 1301 3395 verbis

265 3415 377 3498 πρῶτα
398 3410 564 3496 ruivinio
584 3437 617 3495 φ.
640 3436 694 3514 pro
715 3403 755 3476 cei
776 3413 895 3499 πραῖὶα.
939 3422 999 3478 Hoc
1015 3419 1116 3478 videns
1136 3421 1301 3482 Brunekius

269 3527 286 3564 e
313 3505 401 3564 Paris.
431 3503 467 3565 A.
498 3502 589 3561 edidit
614 3523 653 3562 τα
682 3497 793 3580 πρῶτα
823 3498 887 3565 nnis
914 3503 959 3584 ἐμ.
983 3527 1016 3585 φ.
1047 3499 1106 3563 vid.
1135 3507 1229 3587 ipsum
1260 3510 1302 3568 od

270 3592 366 3648 01111.
393 3591 482 3650 1251.
503 3587 555 3646 ubi
575 3587 764 3664 recentiorum
782 3607 919 3647 canonem
949 3591 986 3648 de
1007 3593 1166 3670 anapaestis
1188 3592 1303 3652 exsibi-

269 3676 322 3734 lori
345 3675 436 3743 iubet,
466 3673 529 3751 ipse
555 3673 593 3730 ob
614 3693 752 3730 canonem
774 3673 860 3732 istum
881 3675 1040 3753 neglectum
1061 3675 1100 3735 in
1122 3678 1303 3752 exsibilamus,

270 3771 303 3822 nt
323 3760 372 3817 vix
392 3757 515 3837 amplius
535 3758 675 3815 audiatur.
726 3760 809 3816 Unus
835 3759 914 3820 locus
942 3774 1002 3834 est,
1030 3762 1060 3819 in
1083 3763 1302 3838 quaesticulus

273 3847 395 3906 omissus
418 3841 508 3902 videri
532 3843 639 3921 possit,
664 3842 695 3898 in
718 3843 821 3902 Aesch.
850 3849 926 3906 Pers·
947 3850 1019 3910 855.
1042 3846 1142 3906 allatus
1164 3851 1303 3906 161111-

272 3951 392 4000 manno,
434 3923 544 4010 πρῶτα
576 3924 633 4006 μὲν
663 3921 827 4008 εὐδοκίμου
866 3928 1015 4012 στρατιαῖς
1047 3923 1302 4012 circummunita.

273 4015 324 4091 qui
346 4028 437 4072 tamen
460 4015 539 4072 locus
567 4013 629 4091 ipse
647 4015 855 4071 dubitationem
882 4018 978 4085 hebet.
999 4017 1159 4076 Blomfield.
1179 4022 1303 4098 quidem

269 4099 300 4157 in
321 4099 407 4177 gloss.
428 4100 465 4158 nd
486 4120 516 4158 v.
537 4101 609 4162 864.
631 4099 753 4179 explicet
768 4095 879 4182 11ροῖ11
890 4101 956 4181 μέν,
973 4101 1127 4188 primum
1145 4101 1290 4190 quidem
1296 4129 1306 4184 3
