2736 4920
306 1215 865 1316 PRAEFATIO.

61 1518 119 1645 Ιιι
145 1576 205 1646 his
232 1579 330 1648 notis
356 1581 634 1652 conscribendis
660 1583 754 1655 sslud
776 1591 971 1666 eonsilium
996 1599 1107 1670 unice

9 1713 10 1800 ᾗ
61 1704 210 1762 secutus
236 1718 338 1802 sum,
369 1709 529 1792 utquae
556 1701 791 1792 adtentum,
825 1727 1106 1808 quemvocant,

9 1837 10 1884 ι
64 1837 82 1880 e
105 1812 182 1879 fide
207 1815 375 1900 testium,
401 1815 440 1883 id
465 1829 522 1886 est
545 1817 729 1892 librorum
752 1836 788 1893 et
803 1851 918 1898 manu
941 1834 1106 1926 scripto-

9 1985 11 2031 ᾗ
60 1954 145 1998 rum
181 1939 219 1996 et
250 1929 456 2018 editorum,
497 1937 795 2010 constituendum
820 1946 1006 2037 valerent,
1047 1951 1106 2020 di-

9 2067 10 2114 t
9 2019 219 2174 iigenter
247 2071 506 2139 congererem,
544 2055 766 2128 variantium
790 2059 992 2134 lectionum
1017 2091 1106 2136 rno-

9 2137 10 2244 i
57 2177 183 2235 menta
209 2174 383 2232 accurate
409 2170 681 2261 examinarem,
709 2187 745 2245 et
763 2178 966 2252 lectionum
991 2209 1104 2255 rece-

9 2309 10 2318 *
56 2297 207 2377 ptarum
232 2281 292 2353 rel
317 2283 686 2375 recipiendarum-
635 2318 977 2392 -lnonnunquam
1004 2305 1104 2376 enim

56 2406 94 2472 in
119 2399 321 2492 tragoediis
346 2402 434 2492 ipsis
467 2403 618 2476 edendis
649 2434 710 2496 me
742 2439 765 2484 a
789 2440 879 2487 vero
909 2417 1104 2492 aberrasse

57 2545 140 2591 sero
181 2515 349 2588 intellexi
385 2546 434 2568 *-
478 2523 617 2615 ubique
664 2532 850 2602 rationem
894 2537 1104 2606 redderem.

57 2639 184 2729 Quum
209 2658 299 2710 vero
332 2635 511 2705 lectiones
537 2641 649 2709 etiam
682 2665 705 2708 a
737 2649 993 2737 superioribus
1020 2654 1105 2720 edi·-

9 2833 10 2848 ἶ
56 2755 200 2824 toribus
227 2763 423 2844 excerptas
451 2777 581 2824 omnes
610 2755 953 2836 commemorandas
980 2767 1103 2839 duxe-

9 2961 11 2970 ⁴
54 2875 145 2959 rim,
177 2882 219 2938 ut
243 2871 377 2963 plenus
404 2885 603 2964 apparatus
630 2880 780 2949 criticus
807 2894 987 2975 exstaret,
1027 2911 1102 2956 ne-

55 3013 155 3059 cesse
177 2989 373 3060 videbatur
397 3014 452 3079 ea,
480 3015 574 3084 quae
597 2996 645 3063 ad
664 2998 1015 3090 interpretationem
1041 3003 1102 3076 rel

52 3131 181 3178 rerum
206 3107 266 3179 vel
290 3107 512 3202 verborum,
554 3099 807 3205 locutionum,
846 3107 1103 3198 construetio-¹

52 3250 144 3294 num
182 3226 408 3317 pertinentia
447 3250 471 3295 a
504 3229 759 3301 decessoribus
797 3237 939 3307 monita
979 3248 1100 3330 erant,

53 3346 246 3432 omittere,
273 3357 353 3418 tum
379 3350 464 3441 qnia
489 3347 592 3420 Viris
618 3348 748 3438 doctis,
774 3373 851 3422 non
877 3355 1100 3426 adolescen-

51 3467 151 3534 tibus
177 3463 388 3535 litterarum
413 3467 599 3557 studiosis,
625 3467 722 3538 hanc
748 3492 902 3562 operam
927 3472 1125 3570 destinas

53 3582 157 3671 bam,
197 3573 278 3652 tum
311 3585 398 3677 quia
422 3585 613 3674 videbam,
650 3587 754 3676 fore,
797 3599 858 3679 ut,
896 3591 928 3660 si
960 3593 1100 3683 omniu·

52 3721 150 3793 quae
186 3699 236 3768 ad
275 3699 537 3796 explicandum
575 3715 612 3774 et
649 3705 912 3778 illustrandum
941 3721 1096 3802 poetam
1172 3779 1177 3788 ,

53 3817 239 3907 facerent,
265 3821 500 3910 adiecissem,
530 3823 570 3890 in
596 3822 748 3893 nimiam
772 3827 911 3897 molem
935 3827 997 3896 hio
1023 3851 1096 3896 an·-

52 3936 252 4007 notntionis
278 3934 380 4008 'liber
413 3950 655 4010 excreseeret.
707 3941 838 4035 Itaque
869 3946 921 4013 ibi
952 3954 1098 4015 tantum

51 4053 403 4149 interpretationum
429 4058 545 4152 attigi,
570 4057 637 4130 ubi
658 4058 720 4131 rel
745 4060 840 4130 nihil
865 4060 986 4134 adhuc
1011 4087 1100 4138 mo·-

715 4172 738 4216 *
764 4196 786 4244 π
