2722 4910
249 540 251 543 ’
320 513 485 583 NOTAE
517 515 567 582 IN
588 514 884 585 PHOENISSAS.
1049 532 1108 593 321
1187 529 1193 544 “

71 680 257 760 proferuntur
278 675 315 733 ad
338 675 387 748 id,
409 674 486 752 quod
509 675 615 733 dixerit
637 673 677 758 (h.
703 675 723 736 l.
747 665 898 752 imperium
920 677 1027 737 nilnisi
1045 683 1112 740 for-

72 780 197 824 tunatam
220 783 281 820 esse
302 761 489 832 ¹iniustitiam,
510 781 562 818 nec
588 761 682 836 magni
703 761 866 818 faciendum
889 761 960 843 osse)
981 768 1112 842 proban.

70 852 147 925 dum,
163 851 194 906 in
217 849 311 926 primo
332 849 498 922 argumento
519 845 589 925 poni
611 867 668 903 non
690 846 761 904 solat
781 845 831 920 δέ,
852 849 942 906 multo
964 851 1058 908 minus
1079 853 1113 915 tl

68 934 116 1006 δι’,
138 934 221 1014 quod
243 944 410 1010 usurpatur,
435 932 486 990 ubi
507 943 575 1030 pont
593 931 677 1010 plura
699 947 917 990 commemorata
940 936 977 990 nd
1000 956 1110 995 novum

67 1032 265 1098 argumentum
289 1017 432 1078 transitur.
451 1015 507 1098 μέγ
535 1009 649 1098 ἥγησαι
669 1008 747 1090 τόδε,
768 1019 787 1076 ἰ.
805 1040 829 1076 e.
851 1009 910 1094 ‘aria
930 1021 1113 1099 ruodwaldo.

67 1127 124 1165 non
153 1104 306 1165 offendent
335 1123 415 1174 aum,
444 1104 494 1180 qui
527 1103 645 1178 legerit,
675 1123 749 1179 quae
778 1118 912 1168 notarunt
938 1107 1039 1164 Madd.
1071 1112 1108 1168 ad

66 1193 175 1269 Suppl.
198 1192 270 1252 432.
293 1187 390 1270 (442.)
412 1189 523 1246 Schaef.
546 1188 583 1245 ad
607 1189 696 1265 Soph.
718 1188 763 1246 El.
787 1191 878 1251 1366.
901 1191 1049 1251 Heindorf.
1072 1197 1110 1253 ad

64 1277 136 1335 Ptar.
159 1275 308 1334 Phaedon.
330 1297 360 1353 p.
387 1278 456 1352 159.
478 1295 522 1352 sq.
545 1274 590 1334 Cf.
612 1274 741 1334 Gramru.
762 1294 802 1350 gr.
826 1270 853 1354 ξ.
876 1277 949 1356 459.

128 1382 169 1442 V.
197 1384 268 1442 551.
290 1377 514 1459 περιβλὲττεσθε
535 1381 646 1454 Mosqu.
666 1381 702 1438 D.
720 1381 767 1436 Ad
783 1369 868 1454 utvdv
885 1381 941 1459 μὲν
958 1374 1015 1446 οὖν
1033 1386 1109 1442 Bur-

64 1485 155 1556 gessa
175 1466 253 1540 Quid
271 1467 324 1524 sibi
346 1466 413 1524 velit
437 1465 513 1523 istud
533 1464 599 1545 μέν,
620 1465 733 1538 ignoro:
755 1464 807 1538 leg·
828 1459 935 1528 κενόν·
956 1461 1021 1547 μέν’
1041 1462 1114 1548 aria.

64 1549 210 1636 quiesce.
244 1571 330 1627 quam
362 1552 554 1608 coniecturam
576 1550 611 1608 ad
634 1549 826 1606 condiendum
847 1550 942 1628 aliqua
964 1547 1127 1616 hilaritate'

61 1638 170 1694 harum
194 1637 411 1694 annotationum
443 1634 568 1693 taedium
588 1618 819 1703 'comnremoravt
862 1631 937 1698 Imo
961 1642 1018 1697 iam
1039 1661 1109 1699 ver..

62 1722 97 1782 tit
120 1720 228 1779 Valck.
295 1729 297 1741 '

127 1826 167 1886 V.
193 1828 265 1888 552.
294 1815 317 1900 ἦ
341 1816 440 1888 troiia?
462 1824 540 1884 aliud
565 1843 650 1901 agens
671 1845 686 1881 e
707 1815 987 1888 Zimrnermanniana
1009 1850 1108 1886 rema-

58 1933 131 1970 ncre
157 1929 260 1989 passus
291 1932 366 1972 sum.
409 1910 500 1968 Unica
529 1923 694 1968 veruinast
720 1903 743 1982 ἤ
772 1904 871 1972 nolio?
889 1935 922 1988 μ.
945 1926 977 1970 ut
998 1911 1109 1974 habent

56 1997 132 2061 Ald.
154 1997 244 2054 Brub.
267 1999 355 2056 Herv.
382 2015 410 2059 1.
432 2015 462 2054 2.
485 1998 568 2056 Cant.
590 2009 618 2053 et
639 1995 733 2054 codd.
766 1997 929 2052 secundum
954 1999 1030 2054 onim
1052 2000 1108 2058 hoc

56 2095 266 2160 argumentum
287 2095 349 2151 ost,
370 2080 465 2158 priori
486 2100 514 2138 v.
538 2085 609 2144 551.
633 2079 812 2158 oppositum:
834 2101 880 2142 cm
903 2087 942 2142 ut
957 2078 1104 2169 superba

55 2167 102 2230 ait
126 2163 268 2238 domna,
290 2183 417 2249 magno
439 2164 535 2248 cupio
553 2161 698 2246 Earum
714 2161 850 2240 labore,
871 2181 904 2225 ut
924 2182 1000 2228 recte
1022 2173 1105 2230 Grat.

54 2245 78 2330 ἦ
102 2271 203 2312 tamen
227 2253 285 2310 Gu.
308 2266 340 2310 ut
362 2253 514 2316 ediderunt
534 2255 619 2311 Baro.
642 2252 765 2310 Brunck.

123 2359 166 2422 V.
188 2355 264 2420 553.
285 2351 321 2420 td
342 2356 446 2421 πλεῖον
468 2359 581 2436 Mosqu.
604 2361 640 2421 D.
661 2351 742 2441 ἔχειν
769 2360 844 2438 Aug.
865 2361 895 2424 b.
990 2357 993 2366 '

124 2467 167 2524 V.
194 2467 269 2525 554.
292 2455 331 2526 τά
352 2458 380 2526 τ’
400 2455 470 2545 aion.
492 2465 567 2524 Flor.
590 2465 619 2526 6.
641 2462 712 2535 ioio'
726 2485 760 2545 γε
778 2455 938 2543 σώφροσιν
958 2466 1026 2530 ald.
1040 2467 1107 2528 rell.

56 2553 138 2614 Flor.
147 2549 271 2612 A.1·'tor.
285 2567 333 2607 to.
345 2547 730 2624 18021.34.11avn.Aug.d.
741 2549 923 2606 ClemAlax.
934 2551 1038 2608 suom.
1050 2551 1106 2614 vl.

54 2662 86 2720 p.
97 2641 174 2722 751.
191 2632 259 2704 τοῖς
268 2633 301 2696 δὲ
310 2625 412 2713 σῴφρ.
420 2626 442 2691 Ῑ.
453 2632 588 2694 Fronto.
597 2631 663 2703 τοῖς
672 2625 770 2713 anion.
779 2633 840 2690 sine
857 2653 891 2712 γε
906 2633 988 2693 Stob.
997 2635 1103 2692 XCIII.
1206 2677 1209 2685 ,

55 2716 190 2806 (XCV.)
215 2719 246 2774 in
268 2719 334 2775 edd.
357 2718 489 2774 Triocav.
505 2729 533 2772 et
553 2717 641 2774 Gesn.
663 2717 745 2780 τοῖσι
766 2706 866 2795 anion.
882 2717 1010 2778 ttss.c.
1022 2721 1055 2775 C.
1069 2719 1103 2776 C.

53 2815 94 2872 K.
118 2808 158 2866 L.
183 2805 226 2862 Μ.
249 2802 461 2861 11.L.Leidd.
484 2801 544 2862 Gu.
566 2801 643 2860 Flor.
662 2805 691 2862 5.
708 2803 738 2863 6.
757 2822 787 2881 9.
810 2802 888 2878 quod
911 2803 1016 2880 recepit
1031 2804 1106 2862 Por-

53 2917 120 2957 non.
167 2887 342 2952 Particulam
362 2907 397 2968 7⁸
418 2885 532 2965 saepius
554 2885 708 2958 omittunt,
742 2907 828 2964 quarn
851 2888 962 2946 addunt
981 2887 1103 2946 librarii.

56 2987 155 3056 Quam
180 2987 251 3054 apta
274 2986 349 3030 estet
369 2975 399 3032 h.
419 2973 449 3046 l.‚
471 2973 569 3030 docuit
591 2972 691 3031 Valck.
713 2973 791 3030 idem
813 2972 942 3051 exempla
963 2974 1023 3032 eius
1044 2975 1118 3045 dur

54 3067 184 3146 plicatae
220 3059 343 3118 afferens
376 3059 467 3134 Soph.
497 3059 571 3118 Ood.
594 3060 629 3118 Τ.
655 3060 745 3120 1040.
775 3057 848 3118 Oed.
878 3058 940 3116 Col.
964 3063 1036 3138 379.
1059 3059 1104 3120 Cr.

57 3155 133 3212 Oed.
159 3151 194 3212 C.
219 3165 295 3227 977.
316 3145 385 3202 Eur.
407 3145 497 3225 ttipp.
521 3145 573 3223 95.
594 3143 720 3201 Lobeclr.
742 3145 779 3202 ad
801 3141 892 3223 Soph.
915 3143 961 3202 Ai.
983 3165 1014 3221 p.
1031 3150 1103 3208 503.

56 3237 192 3296 Erfurdt.
230 3231 270 3288 ad
299 3227 392 3306 Soph.
421 3231 517 3305 Antig.
539 3229 611 3311 745.
635 3230 680 3286 ed.
700 3229 772 3288 min.
795 3232 894 3308 Neque
917 3250 983 3288 vero
1005 3231 1104 3307 priora
1179 3297 1184 3309 .

57 3322 120 3382 loco
144 3319 244 3402 posita
268 3328 313 3374 est
333 3305 413 3397 trodo
432 3307 524 3395 ῥύσιν
545 3313 732 3397 mundiore,
753 3328 786 3374 ut
806 3317 846 3373 ait
868 3314 969 3374 Valck.
991 3317 1043 3372 sod
1063 3307 1103 3377 ani

56 3401 84 3489 γ’
113 3400 282 3491 ἀρκοῦντα
320 3415 362 3459 est
388 3399 419 3462 ai
444 3419 511 3464 non
536 3398 675 3488 amplae
704 3395 869 3477 divitiae,
901 3405 940 3460 at
965 3406 1105 3460 tantum

58 3503 169 3572 certe,
193 3482 293 3574 quod
318 3481 483 3550 satiarit.

122 3581 161 3644 V.
186 3579 264 3641 555.
287 3569 358 3635 οὔτι
379 3575 470 3630 Havrr.
493 3573 544 3632 sad
566 3592 597 3636 oa
618 3569 821 3648 superscripto.

120 3665 160 3732 V.
181 3663 260 3725 556.
296 3650 324 3720 δ’
351 3678 408 3719 om.
440 3656 517 3716 Flor.
547 3676 578 3718 2.
607 3658 700 3714 Horu.
722 3647 843 3726 ἑλόντες
863 3648 978 3735 (apogr.
999 3655 1105 3714 Homb.

55 3751 195 3828 ἔλοπες)
215 3746 299 3805 Flor.
325 3745 362 3804 Α.

121 3839 160 3898 v.
186 3839 264 3910 557.
290 3821 434 3913 aaaron&
455 3829 512 3888 ou.
1088 3865 1095 3878 .

122 3947 163 4015 V.
188 3941 268 4005 558.
301 3935 386 3992 Hunc
418 3953 530 3992 versum
561 3931 710 4011 Euripidis
737 3933 873 4011 quidam,
905 3931 957 3992 sed
988 3952 1022 3991 ax
1050 3929 1089 3991 alt'

57 4029 209 4110 tragoedia
233 4019 551 4116 hucotrartrsacriptum,
572 4031 647 4077 recte
669 4018 816 4078 damnavit
835 4019 938 4082 Valok.

123 4118 164 4176 V.
190 4115 269 4188 559.
299 4126 321 4164 α
343 4123 367 4200 Ι7
404 4096 445 4178 ἦν
468 4107 584 4184 Musqu.
610 4107 647 4164 Ι).
684 4098 708 4180 ἥ
733 4125 787 4186 pro
813 4099 853 4178 ἥν
881 4106 955 4181 Aug.
986 4103 1016 4163 b.
1044 4097 1110 4168 δῦω
1166 4149 1167 4154 ,

110 4244 205 4304 Tom-
220 4232 283 4300 Vl.
812 4233 842 4292 X
