2674 4914
171 502 179 519 ·
206 463 270 536 428'
474 465 638 537 NOTAE
674 467 724 534 IN
754 467 972 536 MEDEAM.

203 651 290 688 curru
309 630 454 688 insistens.
498 633 600 706 Itaque
627 631 789 708 suspicatur
808 630 957 705 Boettiger.
984 629 1013 686 in
1034 629 1131 709 priore
1151 629 1241 686 fabu-

203 719 250 774 lae
271 717 396 773 editione
408 717 527 772 Iunonis
549 717 659 790 aliquas
680 717 709 772 in
732 718 789 773 fine
807 730 904 792 partes
925 717 1024 773 fuisse.
1067 719 1150 789 „Hoc
1161 729 1239 772 certe

205 817 344 880 appareo,
372 801 484 878 inquit,
511 815 600 858 tetam
621 797 712 883 ῥῆσιν
733 803 860 868 Medeae,
888 821 944 878 qua
967 804 997 858 in
1020 823 1065 870 ea,
1085 822 1161 877 quae
1183 804 1239 858 ed-

204 888 262 945 huc
284 888 403 962 legitur,
439 887 534 944 sairuia
558 889 736 964 sepulturam
759 885 882 943 ssiiorum
914 901 943 944 et
970 905 1049 945 sacra
1070 889 1098 942 iu
1121 886 1247 943 iliorum·

202 973 342 1032 honorem
363 974 535 1030 instituenda
557 975 704 1050 praedicet
719 969 954 1052 1368*ιὸ75.
977 973 1077 1030 meiius
1097 975 1240 1048 quadrare

201 1059 234 1115 in
256 1064 412 1128 Iunonem,
443 1079 529 1134 quam
552 1061 581 1114 io
603 1060 757 1133 seminam,
790 1059 884 1134 sugam
908 1081 994 1135 quam
1016 1059 1162 1114 celerrime
1188 1077 1239 1114 ta-

200 1155 376 1224 pessentem.
410 1148 495 1203 ,Nee
523 1144 619 1201 minus
649 1145 815 1214 offendunt,
839 1165 935 1221 *quae
949 1145 1043 1202 statim
1066 1161 1239 1218 sequuntur,

202 1232 240 1286 de
260 1239 351 1284 morte
372 1231 503 1302 Iasonis,
542 1231 706 1306 fragmentis
727 1232 819 1303 Argus
842 1231 925 1288 neeis
953 1231 1040 1308 capiti
1069 1228 1240 1285 dormientis

181 1314 299 1386 jttisis,
323 1315 392 1371 olim
414 1317 606 1394 impendente.
648 1317 963 1373 Venefieamttedeem
989 1329 1098 1374 nonant
1117 1316 1137 1369 ii
1160 1335 1238 1389 quo-

200 1421 278 1478 que,
314 1401 365 1476 qui
392 1401 521 1458 nondum
549 1423 613 1458 aere
638 1401 778 1459 lavantur.
822 1402 879 1458 Sed
899 1403 964 1477 quis
991 1421 1117 1475 unquam
1148 1399 1237 1456 fando

201 1485 329 1562 aceepit,
361 1486 539 1544 vaticinatam
562 1508 626 1545 esse
647 1490 773 1544 Medeam
796 1501 823 1544 et
845 1487 988 1544 fatidicam
1011 1485 1159 1542 mmierem
1188 1487 1236 1540 iu·

201 1583 266 1628 tura
295 1574 495 1648 praedixisse?
537 1577 696 1644 Portemus,
733 1577 872 1630 lunonem
900 1573 969 1630 haec
998 1571 1114 1652 profari.
1165 1569 1238 1627 Pul-

199 1657 342 1714 cherrima
363 1659 519 1716 cohaerent
538 1659 645 1716 onmia.
672 1662 800 1734 'Apcrte
826 1658 872 1714 tri‘c
902 1672 1015 1734 suturae
1044 1655 1181 1714 hisccntis
1210 1668 1246 1711 et*

200 1742 276 1799 male
296 1745 426 1801 coelentis
447 1759 515 1802 sunt
533 1745 664 1819 uestigia3
698 1747 886 1819 fragmentum
909 1757 950 1801 est
971 1763 986 1800 e
1008 1743 1097 1819 priori
1119 1732 1241 1802 ἐκδόσει

199 1828 232 1884 in
264 1827 339 1885 hanc
366 1827 552 1908 posteriorem
583 1851 642 1888 non
672 1831 740 1887 satis
769 1843 835 1909 apte
868 1821 1062 1888 translatum.¹
1089 1831 1128 1887 Et
1149 1826 1239 1883 sensit

199 1913 254 1972 tre
285 1915 342 1969 iam
373 1935 427 1992 pro
459 1937 511 1990 ea,
552 1937 608 1992 qua
640 1916 761 1994 polluit,
800 1915 951 1989 sagacitate
981 1910 1239 1994 Margraviuast‘

198 1999 276 2056 Hace
298 2000 355 2056 itte.
399 2003 495 2059 Verba
526 1992 754 2082 dnd‘unzurrie
782 2001 863 2057 aiiter
889 2001 1014 2076 quidem·
1029 2001 1138 2076 aceepit
1161 2003 1236 2054 Dan.

198 2085 335 2142 Heinsius
357 2087 395 2142 dc
415 2090 541 2162 tragoed.
563 2088 764 2144 constitutione
793 2107 816 2142 c.
845 2104 892 2143 12.
921 2107 951 2163 p.
974 2105 1013 2161 97
1031 2105 1074 2160 sq.
1097 2084 1148 2139 uhi
1172 2105 1235 2139 ma-

198 2171 314 2227 chinam
339 2171 426 2228 fuisse
444 2172 491 2228 vel
515 2193 580 2228 eum
602 2174 657 2230 deo
677 2172 725 2229 rel
745 2175 806 2228 siue
827 2169 878 2227 iile
898 2173 1045 2248 disputat,
1083 2169 1163 2226 iltius
1186 2191 1238 2226 ex·

198 2257 329 2332 emplum
352 2257 434 2312 affert
456 2277 490 2311 cx
513 2259 634 2329 Oreste,
665 2258 755 2327 Ione,
783 2255 962 2332 Hippolyte,
992 2255 1154 2313 machinam
1175 2257 1238 2312 sine

197 2342 253 2398 deo
275 2361 407 2418 praesens
430 2357 490 2396 esse
512 2341 648 2416 effugium
670 2342 752 2414 dicit,
766 2358 838 2396 -eeuu
858 2360 995 2415 persona,
1020 2359 1092 2416 quae
1115 2343 1238 2398 eradere

171 2451 174 2460 ¹
196 2447 254 2483 non
277 2426 385 2500 possit,
424 2427 553 2483 machina
576 2427 732 2497 elabatur,r
751 2419 824 2482 sicut
842 2423 990 2503 Euripidis
1014 2429 1128 2487 Medea:
1173 2429 1237 2482 Ma-

196 2511 311 2568 chinam
335 2533 392 2568 nen
417 2513 444 2568 iri
468 2514 585 2582 deorum
608 2523 718 2570 tantum
741 2512 902 2569 interventu
920 2511 1077 2570 adhibitam
1095 2533 1158 2570 esse
1181 2512 1236 2568 de-

197 2609 338 2654 monstrat
362 2597 442 2655 locus
463 2597 603 2670 Reducis,
644 2598 693 2654 ubi
716 2597 965 2672 Bellerophontem
995 2602 1176 2655 et··Perseum
1205 2599 1235 2652 iu

196 2703 230 2743 ea
253 2683 380 2740 exhiberi
400 2685 487 2755 dicit,
506 2685 631 2741 *aiterum
652 2677 762 2742 coelum
786 2679 893 2757 Pegaso
914 2683 1057 2761 petentem
1080 2681 1129 2761 (ad
1153 2683 1237 2740 euius

195 2767 413 2829 similitudinem
436 2769 472 2826 ab
491 2770 693 2848 hristn‘phanc·
708 2770 737 2824 in
759 2771 830 2824 Pace
850 2771 1011 2846 Trygaeum
1031 2769 1182 2848 scarabaeo
1204 2768 1236 2824 in

195 2854 307 2909 eoelum
340 2855 499 2910 credentem
531 2857 653 2911 effictum
685 2875 744 2911 esse
772 2854 907 2928 sagaciter
932 2855 1006 2912 vidit
1026 2856 1178 2928 Boettiger.
1204 2853 1236 2908 in

195 2932 419 3018 protulerim
449 2957 492 2999 ex
514 2935 678 3000 maehina
707 2933 797 3020 (Vim.
824 2936 928 3019 1800.)
961 2963 991 3017 p.
1014 2941 1094 2998 XIII.
1117 2937 1239 3018 now),

195 3024 528 3082 alterum'Andromedae
539 3047 621 3104 opem
636 3019 762 3104 desuper
775 3027 920 3082 serentem.
954 3029 1053 3102 Neque
1070 3039 1164 3082 tamen
1181 3025 1239 3081 hoo

101 3113 102 3118 ’
194 3107 260 3164 loco
276 3108 409 3184 efficimu·¹
419 3114 497 3187 quod
512 3112 612 3169 volnrrt
625 3112 680 3168 riri
695 3111 810 3182 cruditi,
831 3111 881 3186 qui
896 3109 1176 3188 Euripidemvipsum
1191 3108 1238 3165 his

196 3192 323 3250 edidisse
345 3197 473 3254 Medeam
504 3198 697 3254 contendunt.·
732 3195 902 3252 Aristoteles
934 3198 1020 3252 enim·
1040 3195 1081 3252 ita
1111 3196 1148 3252 de
1166 3199 1236 3252 'Me-

195 3278 267 3334 deae
287 3279 393 3336 iabula-
407 3283 549 3359 loquutur,
572 3296 603 3340 ut
623 3271 734 3362 nuliarii
755 3274 841 3360 aiiuin‘
864 3273 973 3358 praeter
994 3298 1053 3339 eam
1068 3276 1167 3338 nosse
1186 3281 1239 3336 ri·-

193 3363 304 3421 deatur.
347 3370 380 3422 Iu
404 3389 435 3424 ea
458 3381 551 3426 autern
583 3368 794 3448 ipsius-adhuc
808 3379 910 3424 'aetate
929 3362 1052 3446 μηχανή
1071 3366 1238 3445 conspicie-

193 3448 288 3508 hatuu
333 3449 580 3512 trasumenum
603 3452 825 3530 est·Euripides=
844 3452 893 3510 Oh
917 3457 966 3530 934
990 3459 1018 3514 3.
1041 3473 1130 3528 quum
1155 3471 1237 3510 non-

194 3535 264 3592 dum
295 3551 377 3595 natus
406 3552 479 3597 esset
506 3539 689 3609 Aristoteles,
725 3537 868 3612 siquidem
894 3537 918 3594 is
940 3537 989 3594 01.
1013 3559 1072 3618 99,
1096 3557 1122 3598 1.
1148 3550 1234 3594 natus

195 3621 424 3681 e'sse‘narrat'nr.
482 3629 581 3701 Itaque
610 3623 736 3682 subulae·
757 3623 929 3695 scinne-ea,
955 3643 1048 3698 uuae
1070 3617 1234 3680 nraehinam

193 3704 563 3792 hahebat‚·quiu'quaginta
586 3710 735 3767 minimum
758 3709 839 3766 annis
859 3719 925 3787 post
941 3708 1089 3786 Euripidis
1111 3717 1235 3767 mertem

190 3794 288 3850 'adhuc
309 3809 484 3871 supererat,v
501 3792 555 3869 et,
589 3798 613 3854 si
633 3795 771 3872 unrd'uaui
799 3793 945 3852 immutata
966 3809 1021 3863 est,
1037 3856 1042 3867 r
1058 3795 1093 3852 ab
1116 3794 1235 3852 homine

192 3877 356 3936 Aristotelis
377 3882 689 3940 serere-infertorem„
705 3887 797 3949 merie
828 3901 883 3956 qna
911 3893 1077 3954 nemeen,
1111 3879 1235 3936 sormam

188 3977 305 4022 mutata
333 3975 388 4024 cit:
439 3969 499 4025 Nec'
519 3968 835 4046 Neophronisfuretare„
866 3963 932 4021 sive
961 3965 986 4022 is
1005 3966 1168 4031 ,alexandro
1190 3966 1233 4022 Μ.

193 4063 345 4122 regnantea
370 4051 445 4114 -sire
468 4045 558 4110 siricis
579 4051 686 4126 rixi-te·
704 4050 912 4124 elius.‘fahulae
933 4051 1111 4108 exitusesse
1127 4050 1234 4127 potuit,
