2736 4920
380 489 855 576 1Nnnxenintonnn.
1068 497 1147 560 xix

159 641 287 706 canteri,
311 645 393 713 Casp.
412 643 540 710 Stihlini,
564 645 667 700 Aemil.
685 647 765 700 Parti
782 647 811 698 in
827 647 924 716 Eurip.
941 651 1144 710 annotationes.

155 735 223 784 Cum
241 733 340 784 indico.
358 733 529 786 necessariis.
560 737 666 792 Exond.
683 740 718 788 P
736 737 899 806 Stephanus.
926 741 953 792 4.

190 824 254 877 Vid.
280 823 385 876 Febris.
407 825 478 875 Bibl.
504 839 545 889 gr.
572 825 606 875 T.
630 826 667 877 Π.
693 844 721 896 p.
743 825 805 886 262
830 825 874 877 ed·
897 827 972 882 Hesi.
1005 827 1139 899 Equidem

155 913 224 966 hene
243 913 389 966 editionem
406 929 462 963 non
480 913 615 980 usurpavi.

13 1027 14 1058 i
81 1003 166 1056 1630.
185 1003 282 1071 Eurip.
299 1001 444 1070 tragoedia
458 1001 642 1067 Phoenissae,
671 1005 817 1056 emendata
835 1021 868 1054 ex
884 1007 968 1060 MSS.
993 1015 1020 1058 et
1042 1004 1134 1060 latine

13 1085 14 1088 ¹
145 1091 234 1162 facta
255 1089 381 1160 abling.
400 1090 504 1142 Gratia.
538 1093 631 1145 Paris.
646 1093 673 1148 8.
691 1095 802 1162 repetita
819 1093 966 1147 Amstelod.
987 1095 1063 1148 1651.
1081 1093 1109 1146 8.

188 1179 259 1234 Vide
279 1179 405 1234 Valcken.
423 1179 511 1232 Praei.
528 1181 632 1236 Phoen.
654 1203 682 1252 p·
699 1183 753 1238 v11
768 1202 807 1252 sq.

78 1269 162 1341 1694.
186 1263 336 1336 Eipsrsidov
360 1264 499 1336 σωζόμενα
524 1266 637 1326 taem
661 1297 696 1315 -
716 1299 752 1314 -
772 1272 915 1342 Euripidis
945 1287 1015 1343 quae
1036 1277 1135 1321 extant

151 1356 259 1410 amnia:
278 1359 446 1430 lragoerliae
463 1377 557 1429 nempe
573 1363 648 1428 XX,
660 1371 773 1432 praeter
789 1361 932 1426 ultimam,
950 1377 1042 1414 oannes
1058 1377 1133 1411 com-

146 1439 257 1516 pletae:
280 1448 344 1497 item
353 1447 518 1517 fragmenta
536 1449 658 1502 aliarum
671 1451 738 1520 plus
755 1469 835 1522 qnam
854 1455 912 1504 LX
927 1449 1131 1521 tragoediarum

151 1545 180 1588 et
197 1535 329 1604 epistolae
347 1540 375 1592 V
390 1547 467 1588 'nuno
485 1539 605 1607 primum
630 1549 657 1591 et
678 1541 754 1610 ipsae
780 1541 833 1594 huc
854 1541 994 1593 adiectae:
1023 1537 1129 1592 scholia

150 1627 258 1677 demum
280 1625 420 1678 doctorum
442 1629 560 1680 virorum
589 1631 618 1681 in
642 1639 744 1700 septem
762 1631 868 1700 priores
891 1629 1062 1700 tragoediae,
1094 1646 1127 1680 ex

146 1716 262 1768 diversis
279 1716 403 1785 antiquis
419 1717 619 1787 exemplaribus
639 1719 814 1790 undiquaque
831 1719 947 1774 collecta
969 1728 997 1771 et
1014 1718 1128 1772 concin-

148 1814 220 1856 nata
243 1804 279 1856 ab
299 1806 412 1858 Artenia
430 1807 635 1859 Monemhasiae
652 1807 861 1876 Archiepiscopa
879 1837 913 1850 -
928 1835 963 1848 —
987 1810 1076 1878 Opera
1098 1813 1126 1858 et

149 1893 242 1944 studio
268 1895 368 1944 Jasnae
388 1899 504 1946 Barnes.
538 1899 566 1948 S.
593 1901 624 1948 T.
641 1901 675 1946 B.
700 1895 886 1948 Emmanuelis
909 1895 1019 1966 collegii
1041 1893 1126 1965 iapnd

147 1979 386 2050 Cantabrigienses
407 1984 481 2034 Socii
503 1984 620 2035 maxime
641 1985 763 2036 senioris.
797 1982 991 2053 Cantabrigiae
1012 2002 1045 2036 esc
1064 1984 1127 2050 offi-

146 2071 211 2124 cina
232 2071 345 2122 Johann
370 2075 481 2142 Reges,
511 2073 685 2144 typographi.
719 2073 855 2144 Impensis
878 2073 1014 2128 Richardi
1036 2077 1124 2128 Greert

146 2159 312 2228 bibliopolas
331 2159 462 2213 Cantahr.
486 2162 534 2212 iol.

180 2251 324 2314 Severum,
343 2251 391 2302 scd
407 2251 503 2304 iustum
521 2253 555 2302 de
571 2253 620 2304 hec
639 2253 682 2306 ed.
698 2255 908 2308 iudicium-tulit
924 2254 1018 2310 anck.
1035 2255 1123 2308 Praei.

144 2340 247 2394 Phoen.
280 2355 308 2408 p·
332 2337 403 2392 VIII·
450 2338 526 2394 Idem
548 2327 707 2396 Phoenissae
735 2346 875 2414 separatim
910 2348 998 2401 edidit
1030 2343 1124 2398 Lond-

144 2431 221 2499 ¹7¹5·
245 2429 272 2480 8.

70 2522 150 2592 1703.
166 2521 234 2570 Eur.
251 2515 350 2569 Medea
367 2526 395 2568 et
411 2517 595 2583 Phoenissae,
621 2536 665 2588 gr.
685 2531 712 2573 et
730 2521 782 2574 lat.
806 2540 867 2572 cum
885 2518 996 2570 scholiis
1012 2518 1122 2587 graecis

143 2607 258 2678 integris
276 2603 469 2673 nonnullisque
489 2606 527 2656 ad
544 2606 648 2658 Phaon.
667 2625 681 2657 e
697 2612 760 2662 MS.
785 2609 862 2674 (nim.
880 2610 911 2658 C.
930 2609 961 2660 C.
979 2608 1025 2673 C.)
1047 2623 1120 2658 nunc

141 2697 258 2768 primum
276 2693 374 2760 editis,
403 2694 493 2744 studia
513 2692 657 2746 Wilhelrni
673 2697 767 2759 Piers‚
800 2695 848 2765 qni
873 2697 959 2748 vitam
977 2693 1121 2764 Euripidis

143 2804 233 2838 recens
265 2802 284 2836 a
316 2801 345 2835 se
374 2784 506 2853 scriptam
528 2791 556 2834 et
582 2792 662 2834 statas
684 2787 830 2855 variosque
854 2784 982 2840 lectiones
1004 2787 1117 2842 adiecit.

141 2877 264 2930 cantabr.
282 2875 309 2926 8.

75 2969 151 3040 1726.
168 2965 266 3034 Eurip.
275 2961 490 3016 Hccuha'Orest.
502 2964 639 3016 ctPhoen.
648 2960 760 3018 collatis
772 2963 861 3016 decem
868 2965 961 3016 mestis
972 2974 1076 3018 textum
1090 2973 1119 3018 et

139 3055 246 3108 scholia
263 3054 432 3114 essentiavit,
450 3052 561 3104 scholiis
577 3053 697 3118 ineditis,
714 3053 837 3104 versione
850 3052 1024 3123 elegantiore,
1040 3056 1118 3114 natis

135 3142 278 3216 perpetuis
299 3152 326 3193 et
351 3141 602 3194 dissertatiunonlis
625 3143 760 3216 demetra
776 3143 883 3214 tragico
900 3145 980 3196 auxit
1003 3153 1030 3195 et
1047 3143 1131 3196 ittu-,

104 3247 113 3287 t
139 3233 241 3286 stravit
257 3236 299 3284 10.
317 3233 404 3301 King.
439 3231 517 3284 Cant.
534 3230 559 3300 d.

74 3344 147 3416 1748.
167 3347 237 3397 Eur.
256 3344 322 3392 Hec.
339 3344 385 3394 Or.
403 3340 507 3392 Phoen.
525 3357 585 3390 cum
603 3337 715 3394 scholiis
732 3340 854 3408 antiquis
876 3356 910 3390 ac
927 3342 1048 3392 versione
1065 3331 1119 3392 no-

139 3434 229 3503 tisque
245 3433 287 3482 Io.
303 3429 382 3498 King
400 3427 464 3500 sere
483 3428 612 3498 integris,·
641 3439 755 3482 curante
775 3431 826 3482 Th.
844 3427 960 3484 Morell:
993 3431 1040 3498 qui
1060 3427 1120 3484 Al-

139 3521 226 3574 cestin
244 3518 347 3571 adiecit
363 3535 424 3570 oum
441 3516 553 3568 scholiis
570 3535 642 3588 quae
657 3528 771 3584 extant,
793 3536 865 3570 nova
882 3515 1005 3570 versione
1021 3528 1048 3571 et
1065 3537 1117 3571 no-

139 3615 176 3664 tis
185 3607 337 3682 perpetuis.
360 3613 397 3660 In
414 3625 493 3660 usum
508 3606 618 3660 schalae
634 3607 791 3664 Etnncnsis.
808 3609 939 3662 Londini.
956 3609 983 3660 ΙΙ
998 3606 1075 3661 Vall.
1092 3609 1120 3660 8.

85 3762 88 3765 ,
177 3702 262 3754 eodd.
280 3713 348 3768 quoe
362 3698 442 3772 King.
461 3697 593 3764 eontulit,
624 3698 674 3749 sed
691 3698 746 3752 sere
769 3698 807 3748 ite
823 3707 943 3759 tentum,
970 3706 1001 3748 nt
1017 3694 1121 3750 scholia

145 3790 242 3844 inedita
260 3798 431 3856 excerperet,
453 3787 557 3857 relique
572 3788 709 3878 suppleret
728 3795 768 3838 et
763 3788 940 3854 emendaret,
962 3796 1035 3840 sunt
1032 3785 1120 3838 ·.Bodl

143 3899 211 3951 quos
226 3890 327 3951 septem
343 3887 477 3943 numeret,
495 3879 529 3932 K.
548 3888 575 3930 et
593 3879 629 3931 R
647 3889 702 3930 tuin
721 3877 803 3930 C.C
820 3875 1121 3930 C.1nohorioieim-

140 3971 230 4040 prinis
246 3970 429 4036 elaboravit,
427 3969 487 4019 sed
506 3967 592 4020 codici
609 3967 643 4020 K.
663 3965 742 4018 nimis
760 3965 897 4028 addictus,
930 3961 1042 4034 reliquis
1055 3964 1122 4034 ple-

141 4059 232 4130 risque
246 4057 382 4131 neglectis
400 4056 575 4124 lectionibus,
602 4053 698 4128 quihus
715 4053 826 4116 elimari
841 4061 991 4123 potuerant
1007 4053 1125 4124 Euripi-
1177 4063 1180 4070 '
